2071 3302
161 209 222 251 68
351 218 702 250 CATHERINAM
738 218 848 248 REX
881 217 1118 248 ANGLIAE
1153 217 1211 248 IN
1248 216 1474 248 UXOREM
1511 217 1674 248 DUCIT

161 333 411 383 heredem
438 332 584 396 regni
612 335 734 396 post
764 347 818 381 se
847 330 1140 380 Henricurn
1167 330 1462 395 Anglorum
1501 346 1677 395 regem
1716 331 1864 380 insti-

163 415 270 464 tuit
297 419 351 463 et
373 430 484 463 esse
505 411 678 463 voluit
701 412 873 463 tocius
894 412 1041 477 regni
1062 417 1260 461 extunc
1291 413 1390 461 sub
1416 428 1511 461 suo
1532 412 1746 461 nomine
1773 412 1864 461 ad-

162 495 583 546 ministratorem
618 499 671 544 et
706 495 1118 560 gubernatorem
1134 494 1168 543 1.
1207 494 1362 544 Unde
1399 494 1467 542 ab
1501 493 1590 544 illo
1625 498 1865 559 ternpore

164 578 275 643 ipse
308 577 570 627 Henricus
601 592 708 626 non
739 592 794 626 se
826 577 1153 625 Francorum
1183 591 1375 640 regem,
1409 576 1501 625 sed
1532 575 1781 624 heredem
1812 582 1864 624 et

164 660 576 724 gubernatorem
609 658 755 722 regni
789 657 1110 707 attitulavit.
1144 657 1292 707 Obiit
1325 657 1468 706 enim
1500 657 1642 706 idem
1676 658 1865 707 Henri-

165 757 257 790 cus
282 741 442 805 paulo
469 745 762 804 antequam
790 739 1069 797 Karolus‘¹,
1099 739 1426 788 Francorum
1451 755 1560 797 rex,
1588 739 1705 788 vita
1729 746 1866 789 esset

165 823 382 872 functus
399 823 432 871 2.

233 903 455 968 Accepit
482 903 651 952 eciam
677 903 820 952 idem
847 903 1109 952 Henricus
1137 919 1259 952 cum
1285 903 1374 952 illo
1401 903 1576 952 federe
1603 903 1657 952 in
1685 903 1867 967 conju-

165 1002 285 1052 gem
314 985 588 1035 dominam
619 985 990 1043 Katherinam‚
1024 986 1351 1034 Francorum
1378 985 1513 1050 regis
1545 985 1726 1044 filiam,
1760 986 1867 1034 Ka-

166 1068 263 1118 roli
287 1067 501 1133 septimi
525 1072 655 1116 tunc
679 1067 863 1116 delfini
886 1083 1134 1116 sororem.
1163 1067 1508 1131 Fueruntque
1531 1067 1723 1131 nupcie
1747 1083 1869 1116 cum

165 1149 435 1198 maximob
478 1154 746 1213 apparatu
788 1153 842 1197 et
885 1149 1026 1214 regio
1069 1149 1201 1198 luxu
1244 1149 1506 1197 celebrate
1549 1149 1604 1197 in
1647 1148 1868 1197 civitate

166 1231 410 1281 Trecensi
435 1230 723 1295 Campanie
739 1230 773 1280 3.

238 1314 351 1362 Ρ3Χ
382 1313 550 1362 eciam
581 1312 838 1377 predicta,
872 1318 926 1361 et
958 1328 989 1361 a
1020 1312 1348 1371 civitatibus,
1384 1317 1437 1361 et
1469 1328 1501 1361 a
1531 1312 1749 1377 singulis
1780 1313 1872 1377 qui

168 1396 268 1445 sub
299 1395 504 1445 dicione
535 1396 863 1444 Francorum
892 1394 1027 1460 regis
1056 1394 1142 1443 Vel
1171 1394 1340 1443 eciam
1368 1394 1504 1459 regis
1533 1395 1720 1459 Anglie
1751 1410 1871 1443 con-

168 1477 448 1536 sistebant,
483 1477 682 1541 ubique
713 1477 895 1541 jurata
926 1476 1045 1526 fuit.
1080 1477 1153 1525 Et
1186 1492 1350 1542 quam
1382 1476 1474 1525 diu
1505 1476 1696 1526 civitas
1730 1476 1872 1525 Pari-

170 1559 353 1609 siensis
389 1559 589 1609 mansit
627 1559 727 1608 sub
765 1558 1075 1608 obediencia
1110 1559 1421 1623 Anglorum,
1462 1574 1646 1608 omnes
1683 1558 1872 1608 scolas—

170 1641 279 1700 tici,
313 1641 356 1691 si
387 1641 456 1690 ad
486 1641 713 1706 gradum
745 1641 978 1705 aliquem
1008 1640 1063 1689 in
1094 1656 1433 1705 quacumque
1465 1640 1724 1691 facultate
1755 1656 1872 1705 pro-

170 1723 545 1781 movebantur,
582 1723 723 1772 inter
757 1722 876 1781 alia,
914 1722 968 1771 in
1003 1738 1169 1771 manu
1202 1722 1453 1771 rectoris⁶
1489 1722 1871 1779 universitatis

170 1804 481 1870 hujusmodi
509 1820 697 1869 pacem
724 1820 779 1854 se
807 1809 1112 1854 servaturos
1144 1809 1478 1853 sacramento
1521 1804 1731 1853 firmare
1764 1804 1873 1853 adi-

171 1887 485 1952 gebantur4.

242 1969 344 2018 Sed
369 1969 433 2017 de
459 1968 769 2032 hujusmodi
792 1984 923 2033 pace
947 1973 1000 2017 et
1026 1968 1140 2033 ejus
1165 1968 1414 2032 capitulis
1444 1984 1537 2017 seu
1566 1969 1630 2017 de
1662 1969 1874 2017 exhere—

173 2051 394 2100 dacione
426 2050 612 2099 Karoli
641 2050 839 2108 delfini,
871 2050 1014 2099 unici
1043 2055 1173 2099 tunc
1205 2049 1299 2098 filii
1327 2050 1469 2114 patri
1492 2067 1609 2108 5110,
1641 2066 1738 2099 nec
1766 2050 1877 2115 ipse

174 2133 418 2190 delfinus,
450 2148 546 2181 nec
575 2132 671 2190 sui,
703 2131 898 2196 quibus
925 2132 1079 2196 longe
1108 2132 1281 2197 major
1308 2148 1431 2196 pars
1459 2132 1605 2196 regni
1633 2132 1875 2196 parebat,

175 2214 464 2278 quicquam
490 2219 761 2272 curarunt,
791 2213 1027 2263 dicentes
1053 2230 1084 2262 a
1108 2230 1227 2278 rege
1252 2218 1405 2278 patre
1431 2230 1542 2272 5110,
1570 2230 1677 2262 11011
1703 2213 1757 2262 in
1782 2230 1878 2264 sua

175 2296 332 2360 plena
343 2295 367 2324 (ί
392 2295 657 2354 libertate,
685 2295 778 2345 sed
801 2296 901 2345 sub
924 2296 1219 2360 Anglorum
1243 2300 1296 2344 et
1319 2296 1763 2359 Burgundionum
1787 2311 1877 2360 po-

176 2382 373 2427 testate
404 2377 717 2435 constituto,
750 2393 847 2426 nec
877 2382 1007 2426 tunc
1037 2393 1168 2426 sana
1196 2382 1376 2425 mente
1406 2377 1685 2435 existente,
1718 2377 1879 2426 nichil

176 2460 282 2508 tale
315 2459 557 2508 validum
590 2464 684 2507 aut
717 2459 1042 2523 legittimum
1079 2459 1190 2508 fieri
1223 2459 1475 2523 potuisse.
1512 2459 1668 2523 Quod
1700 2459 1879 2508 verisi-

176 2540 373 2589 militer
395 2556 674 2605 nunquam
698 2541 939 2590 facturus
963 2540 1165 2599 fuisset,
1193 2541 1235 2590 si
1259 2556 1385 2590 sane
1409 2540 1604 2590 mentis
1628 2546 1682 2589 et
1706 2541 1759 2589 in
1784 2557 1881 2591 sua

177 2623 334 2687 plena
357 2622 605 2671 libertate
631 2622 930 2672 mansisset.

237 2788 277 2814 a.
297 2778 456 2814 sextus
476 2775 529 2814 P.
547 2796 607 2802 —
627 2775 664 2814 b.
686 2786 853 2826 magno
872 2776 925 2815 P.
944 2798 1002 2803 —
1019 2788 1053 2814 c.
1074 2779 1308 2814 rectorum
1325 2776 1378 2814 P.
1397 2798 1455 2802 ——
1473 2776 1513 2814 d.
1534 2776 1734 2828 NIcmque
1752 2788 1805 2815 en
1825 2777 1877 2815 P.

243 2917 279 2944 1.
305 2904 460 2944 Traite
485 2906 541 2945 de
565 2905 739 2956 Troyes
766 2906 838 2957 (28
864 2907 956 2945 mai
984 2908 1128 2957 1420).
1155 2906 1300 2945 Texte
1324 2907 1525 2958 complet
1556 2908 1672 2946 dans
1696 2907 1749 2947 Ε.
1775 2907 1880 2947 Cos—

180 2977 311 3010 neau,
334 2965 417 3004 Les
441 2965 605 3016 grands
627 2964 776 3004 traite's
798 2966 846 3005 de
868 2966 911 3005 la
934 2978 1083 3017 guerre
1104 2967 1153 3005 de
1176 2965 1283 3005 Ceut
1304 2979 1386 3005 ans
1411 2966 1569 3017 (Paris,
1598 2966 1721 3014 1889,
1746 2966 1878 3012 in-80,
