2071 3302
233 203 326 247 214
435 202 697 244 QUOMODO
734 201 1069 233 CALETENSES
1105 201 1162 232 IN
1198 200 1404 232 ANGLOS
1440 200 1736 232 IRRUERINT

232 321 347 365 tate
384 317 622 375 haberet,
653 316 708 364 in
737 316 973 380 quodam
1002 319 1177 364 castro
1207 314 1352 379 quod
1384 314 1667 364 Rambures
1703 315 1935 379 appella-

232 394 356 444 tur1
393 395 462 444 ad
498 394 869 444 subiciendum
901 393 1003 443 sibi
1037 397 1092 442 et
1118 392 1438 458 capiendum
1464 392 1686 457 opidum
1711 392 1933 457 Dieppe‚

233 473 378 538 quod
405 477 486 522 est
513 472 678 522 situm
704 487 812 521 non
839 472 1024 536 procul
1051 471 1120 520 ab
1146 470 1236 520 illo
1264 474 1440 520 castro
1466 470 1521 519 in
1547 470 1729 519 littore
1754 469 1933 528 mariS‚

231 550 287 599 in
309 567 415 615 quo
439 550 598 615 opido
620 549 724 599 alia
745 565 910 614 quam
931 549 996 598 de
1018 548 1146 614 ipsis
1167 548 1374 598 civibus
1396 549 1465 597 ab
1485 548 1671 614 Anglis
1692 547 1936 598 custodia

231 628 450 677 minime
491 628 669 693 posita
709 627 901 686 fuerat,
945 626 1165 676 insidias
1205 626 1454 676 tetendit.
1498 627 1632 675 Erat
1673 625 1831 685 enim,
1874 630 1936 675 ut

232 706 405 771 patrie
433 706 628 764 accola,
658 704 977 755 municionis
1004 705 1245 769 ejusdem
1272 709 1325 753 et
1352 705 1591 753 locorum
1617 719 1711 768 per
1737 719 1840 769 que
1867 704 1936 753 ad

232 784 638 848 ingrediendum
684 784 860 848 ipsum
906 783 997 832 via
1053 787 1237 847 patere
1290 787 1506 847 posseta
1550 798 1658 831 non
1704 782 1935 846 ignarus,

233 860 367 911 Cum
400 861 585 927 itaque
617 877 686 911 ex
719 866 872 927 parte
914 860 1099 910 annisb
1132 861 1292 925 juxta
1326 859 1690 910 decurrentis2
1722 859 1816 924 qui
1859 859 1936 909 in·

237 940 405 990 fluens
448 956 594 989 mare
641 945 859 1005 portum
895 940 1027 989 inibi
1063 939 1193 988 facit
1230 938 1699 988 animadvertisset
1736 938 1938 1002 absque

231 1034 429 1083 magna
465 1017 781 1068 difficultate
818 1016 1040 1082 opidum
1075 1016 1280 1082 ingredi
1315 1033 1485 1081 posse,
1524 1017 1748 1065 collecta
1782 1016 1938 1065 satel-

231 1096 391 1145 litum
422 1097 751 1146 Francorum
789 1096 921 1145 satis
963 1111 1133 1160 parva
1170 1111 1351 1153 manu,
1384 1099 1551 1143 noctu
1589 1094 1728 1143 circa
1758 1094 1937 1143 kalen-

233 1174 329 1223 das
379 1174 722 1223 novembris3
764 1173 1078 1223 transmisso
1123 1188 1259 1222 anne
1270 1190 1305 1231 ι’,
1352 1172 1445 1237 qui
1488 1188 1611 1222 cum
1661 1187 1807 1221 mare
1860 1188 1938 1220 re-

236 1252 451 1301 fluxerit
494 1252 625 1302 satis
668 1252 821 1302 facile
865 1251 1206 1301 transvadari
1249 1255 1445 1316 potest,
1492 1250 1725 1300 admotis
1767 1249 1938 1308 scaliS,

232 1346 463 1388 murum,
508 1331 601 1395 qui
653 1330 814 1379 illucd
855 1330 1013 1379 valde
1055 1329 1278 1394 exiguus
1319 1334 1373 1378 et
1423 1328 1783 1378 incustoditus
1824 1333 1939 1377 erat

233 1424 356 1458 cum
378 1409 486 1459 suis
508 1408 840 1458 transcendit
874 1413 945 1466 et,
970 1408 1177 1457 civibus
1207 1423 1432 1472 sompno
1454 1407 1693 1472 sepultiS,
1718 1406 1940 1472 opidum

232 1487 322 1536 illo
346 1488 508 1537 modo
534 1487 741 1552 accepit
767 1492 821 1535 et
847 1486 1150 1551 acquisivit.

303 1566 459 1630 Quod
496 1582 618 1615 cum
659 1565 738 1614 ita
778 1566 984 1614 facturn
1017 1564 1329 1622 exstitisset,
1364 1564 1489 1613 illuc
1526 1568 1648 1628 post
1682 1563 1793 1613 dies
1831 1578 1939 1612 non

232 1645 433 1694 multos
471 1645 799 1693 Francorum
835 1643 1070 1691 militum
1106 1642 1402 1691 multitudo
1446 1642 1621 1706 major
1657 1641 1938 1691 confluxit.

233 1723 367 1772 Erat
391 1722 533 1771 enim
554 1722 627 1771 eis
650 1726 949 1786 oportunus
971 1722 1118 1770 locus
1141 1720 1210 1769 ad
1231 1720 1423 1785 predas
1443 1720 1716 1769 faciendas
1738 1735 1832 1784 per
1858 1724 1937 1768 to-

233 1806 349 1850 tam
371 1800 518 1849 illam
540 1799 899 1849 Caletensium
923 1799 1156 1863 patriam
1186 1802 1240 1847 et
1267 1798 1784 1862 Rothomagensium
1809 1798 1940 1846 fines

232 1879 597 1936 incursandos,
619 1877 711 1927 ubi
734 1882 849 1926 erat
869 1877 1023 1942 quasi
1044 1877 1194 1926 sedes
1222 1876 1394 1925 tocius
1416 1875 1625 1940 imperii
1645 1876 1939 1940 Anglorum

232 1957 287 2006 in
315 1973 476 2021 regno
503 1957 831 2005 Francorum
852 1971 863 2014 ;
891 1955 1049 2013 unde,
1077 1955 1204 2019 quia
1236 1954 1327 2003 illa
1353 1954 1531 2019 patria
1554 1959 1673 2003 tum
1692 1953 1834 2004 ‘satis
1865 1953 1939 2002 lo-

233 2036 414 2100 cuples
439 2040 493 2084 et
519 2034 768 2083 omnibus
794 2034 948 2083 bonis
974 2034 1171 2082 referta
1196 2037 1329 2091 erat,
1354 2032 1424 2082 ad
1457 2032 1608 2085 illum
1631 2032 1825 2090 locum,
1850 2047 1939 2081 ve—

232 2113 326 2163 lud
344 2113 413 2162 ad
435 2128 717 2162 commune
737 2112 1011 2176 quoddam
1030 2110 1389 2160 latrocinandi
1415 2110 1729 2174 emporium,
1753 2125 1939 2174 quam-

233 2192 410 2256 plures
436 2191 813 2240 confluxerunt
838 2206 904 2239 ex
927 2189 1146 2238 Francis
1169 2193 1222 2238 et
1249 2205 1315 2238 ex
1345 2188 1486 2237 illius
1510 2193 1648 2237 terre
1670 2188 1940 2237 nobilibus

233 2270 525 2335 potissime.
561 2270 743 2318 Plures
777 2268 918 2317 enirn
956 2284 1022 2317 ex
1059 2267 1258 2317 eisdem
1290 2266 1605 2324 nobilibuse,
1644 2266 1940 2330 Anglorum

233 2348 517 2413 imperium
546 2347 818 2412 aspernati
846 2351 899 2395 et
924 2345 1214 2410 dedignati,
1243 2350 1424 2410 partes
1453 2344 1589 2409 regis
1613 2345 1938 2393 Francorum

234 2426 403 2475 secuti
432 2426 662 2484 fuerant,
693 2425 786 2490 qui
818 2440 1078 2490 pauperes
1109 2428 1163 2473 et
1199 2423 1400 2488 inopeS,
1432 2422 1602 2472 veluti
1631 2422 1745 2487 lupi
1775 2422 1939 2471 farne-

232 2503 335 2562 lici,
365 2504 433 2552 ad
466 2504 688 2568 predam
716 2504 780 2552 de
814 2502 922 2552 suis
946 2502 1115 2551 eciam
1146 2501 1374 2566 propriis
1398 2500 1705 2566 hominibus
1730 2515 1792 2549 ac
1816 2500 1939 2549 sub-

234 2581 378 2640 ditis,
406 2581 498 2646 qui
527 2581 760 2646 patriam
792 2581 892 2630 sub
917 2580 1211 2645 Anglorum
1237 2578 1442 2628 dicione
1476 2594 1683 2643 semper
1710 2578 1939 2627 incolue-

233 2664 373 2718 rant,
406 2659 707 2708 faciendam
736 2663 790 2708 et
819 2658 1238 2708 exsaturandam
1267 2656 1492 2706 esuriem
1522 2660 1881 2706 accurrerunt.

304 2738 436 2787 Cum
473 2742 655 2787 autem
691 2737 868 2802 patria
902 2736 993 2785 illa
1027 2735 1227 2801 partim
1262 2735 1331 2784 ab
1366 2734 1600 2799 Anglicis
1635 2733 1835 2799 partim
1869 2734 1939 2783 ab

297 2908 337 2933 a.
366 2907 457 2933 non
482 2898 640 2946 posset
664 2895 717 2933 P.
745 2916 803 2921 —
831 2894 868 2932 b.
896 2893 1045 2932 amnis
1070 2893 1123 2931 P.
1150 2915 1209 2919 —
1233 2904 1267 2930 c.
1295 2903 1430 2930 amne
1455 2891 1508 2929 P.
1535 2913 1593 2917 ———
1617 2891 1657 2928 d.
1686 2890 1776 2928 illic
1801 2890 1854 2929 P.
1883 2913 1940 2917 —

234 2967 269 2993 ε.
292 2954 373 2993 Ces
391 2954 498 2993 trois
517 2957 626 2993 mots
644 2954 756 2992 dans
775 2953 818 2992 Ζα
836 2964 999 3003 marge,
1021 2952 1070 2991 de
1089 2951 1132 2990 la
1150 2951 1275 2990 main
1293 2951 1343 2990 de
1361 2950 1565 2995 l'auteur‚
1585 2962 1639 2988 en
1664 2949 1714 2988 G.
