2071 3302
203 250 298 292 286
536 260 608 291 DE
644 259 875 301 DIEPPAE
913 259 1106 290 OPPIDO
1143 259 1369 290 OBSEsso
1411 247 1570 304 (1443)

203 389 350 423 mam
381 373 741 424 struxerant1.
776 373 1070 422 Ferebatur
1101 372 1327 437 quippea
1358 389 1467 421 non
1506 372 1713 422 facilius
1745 389 1910 437 quam

203 455 380 520 ipsum
409 455 631 520 opidum
667 454 1039 519 expugnabilis
1075 470 1203 512 esse,
1235 459 1351 503 tam
1389 454 1602 503 munita
1629 454 1788 513 vall0,
1820 470 1909 520 ag-

202 553 338 602 gere,
369 536 782 602 propugnaculis
810 540 864 585 et
891 535 1017 584 belli
1042 535 1304 585 machinis
1331 535 1747 600 circumquaque
1774 541 1906 585 erat.

203 619 276 667 Et
305 622 446 667 certe
476 618 520 667 si
548 618 613 666 de
642 633 749 682 quo
788 617 956 666 locuti
984 633 1168 666 sumus
1197 617 1309 666 dux
1338 617 1633 666 Sumerceti
1669 633 1791 666 cum
1818 616 1908 666 illo

203 715 364 764 quem
415 699 709 748 advexerat
763 698 1003 747 exercitu
1044 698 1184 748 vires
1228 702 1412 747 tantas
1456 698 1572 748 aliis
1614 699 1909 763 Anglorum

202 781 368 846 copiis
399 784 783 845 aggregassetb,
816 780 1175 830 verisimiliter
1204 785 1258 829 et
1288 780 1421 829 illud
1450 780 1672 844 opidum
1702 780 1909 845 Dieppe

201 867 256 911 et
291 862 550 911 nonnulla
585 862 690 911 alia
723 877 1034 926 recuperare
1070 861 1388 926 potuissent.
1428 861 1531 911 Sed
1565 862 1781 926 proprio
1815 862 1908 911 ha-

201 944 451 994 bundans
474 960 647 1002 sensn,
674 944 765 993 illa
787 959 931 993 vana
955 948 1118 1008 atque
1143 943 1336 992 frivola
1359 959 1462 1008 que
1486 943 1767 993 retulimus
1790 948 1908 993 tan-

202 1026 484 1075 tummodo
510 1025 685 1075 effecit
707 1041 717 1084 ;
746 1025 891 1090 quod
917 1025 1275 1089 dampnosum
1299 1025 1456 1074 valde
1481 1026 1638 1075 rebus
1662 1025 1909 1090 Anglica-

200 1107 283 1157 nis
302 1107 530 1157 exstitit.
552 1108 695 1156 Nam
714 1123 837 1156 cum
857 1106 1049 1155 Franci
1068 1106 1431 1171 prospicerent
1450 1107 1724 1156 bastiliam
1742 1107 1905 1166 illam,

202 1205 305 1253 que
353 1189 576 1253 opidum
624 1188 793 1253 Diepe
841 1188 1116 1237 obsidione
1163 1188 1277 1252 jam
1323 1188 1454 1238 satis
1500 1188 1660 1253 longa
1705 1205 1906 1253 preme-

201 1270 297 1319 bat
332 1275 386 1320 et
419 1270 782 1320 munitissima
815 1270 970 1328 foret,
1009 1286 1040 1318 a
1073 1286 1245 1334 pauco
1281 1274 1464 1319 tamen
1510 1275 1674 1335 atque
1716 1270 1908 1335 exiguo

200 1352 496 1416 Anglorum
533 1368 755 1401 numero
794 1351 1051 1401 custodiri
1094 1352 1220 1416 (non
1257 1351 1400 1401 enim
1437 1356 1590 1401 erant
1627 1352 1683 1400 in
1720 1352 1908 1401 eadem

199 1433 342 1482 mille
375 1433 698 1498 bellatores),
734 1450 801 1482 ex
833 1438 1151 1498 contemptu
1182 1433 1474 1498 paucitatis
1507 1433 1714 1483 animos
1747 1434 1907 1483 attol-

198 1516 384 1574 lentes,
411 1516 480 1564 ad
501 1531 621 1564 eam
642 1515 1060 1580 expugnandam
1081 1531 1192 1564 sese
1203 1524 1222 1543 ⁶
1246 1515 1620 1565 admoverunt.
1645 1516 1719 1565 Et
1744 1515 1907 1580 hujus

200 1597 418 1662 quidem
441 1597 516 1646 rei
542 1597 774 1647 Karolus
797 1613 906 1656 rex,
932 1602 995 1646 ut
1020 1613 1143 1646 eum
1166 1597 1220 1645 in
1244 1597 1402 1647 rebus
1425 1597 1626 1647 bellicis
1650 1597 1907 1647 exercita-

199 1680 395 1729 ciorem
429 1680 675 1738 efficeret,
716 1679 886 1728 fflium
920 1695 1078 1728 suum
1113 1679 1464 1738 Ludovicum,
1503 1680 1568 1728 de
1602 1695 1709 1744 quo
1745 1696 1907 1744 supra

198 1761 555 1819 meminimus,
600 1761 982 1810 conductorem
1023 1776 1134 1810 esse
1175 1760 1364 1818 voluit,
1409 1761 1539 1809 dato
1580 1766 1764 1810 tamen
1805 1760 1906 1811 sibi

198 1842 371 1892 tocius
392 1841 600 1907 operisd
621 1842 881 1891 directore
902 1842 1166 1905 Johanne,
1190 1842 1384 1891 comite
1405 1841 1662 1892 Dunensi.

268 1924 387 1988 Qui,
419 1940 485 1973 ex
524 1923 720 1973 finibus
753 1923 1161 1973 Belvacensium
1197 1928 1251 1972 et
1280 1924 1670 1977 Ambianorum
1707 1924 1905 1973 adven-

199 2010 379 2055 tantes
408 2021 532 2055 cum
561 2005 692 2055 satis
721 2021 891 2070 parva
919 2021 1086 2054 manu
1114 2005 1360 2070 equitum
1390 2021 1451 2054 ac
1480 2005 1725 2070 peditum
1760 2006 1904 2071 (nam

198 2087 376 2151 patria
411 2087 502 2136 illa
539 2087 750 2136 deserta
785 2103 1069 2136 numerum
1105 2087 1207 2136 nisi
1244 2103 1473 2152 parvum
1495 2087 1648 2136 'alere
1685 2087 1903 2136 minime

198 2169 500 2233 potuisset),
542 2169 612 2217 ad
649 2169 1009 2233 expugnanda
1046 2173 1224 2218 castra
1260 2184 1353 2218 seu
1390 2169 1663 2218 bastiliam
1700 2168 1902 2233 predic-

198 2256 313 2299 tam
335 2250 630 2314 Anglorum
654 2266 707 2299 se
732 2250 1011 2299 dederunt,
1039 2250 1135 2299 Cui
1157 2249 1375 2314 negocio
1400 2266 1522 2298 cum
1546 2250 1677 2299 totis
1699 2249 1902 2298 incum-

197 2332 384 2381 berent
414 2332 634 2390 viribus,
666 2332 928 2381 irruentes
958 2332 1214 2380 audacter
1244 2336 1297 2380 et
1329 2331 1565 2381 animose
1594 2331 1649 2379 in
1679 2331 1900 2390 vallum,

197 2430 264 2462 ex
293 2414 439 2479 omni
469 2418 621 2478 parte
651 2413 913 2463 insultum
942 2413 1199 2462 fecerunt.
1234 2413 1367 2462 Cum
1397 2418 1581 2462 autem
1609 2413 1818 2478 Anglici
1846 2413 1901 2462 in

196 2495 407 2544 irritum
455 2511 672 2544 suarum
719 2495 1208 2544 bombardellarum
1255 2500 1309 2544 et
1357 2495 1678 2559 sagittarum
1723 2495 1902 2559 jactus

196 2576 574 2641 expendissent
611 2581 665 2625 et
712 2576 950 2625 hostium
986 2576 1175 2640 jaculis
1212 2581 1375 2640 atque
1413 2576 1532 2625 telis
1575 2575 1811 2641 graviter
1845 2581 1900 2625 et

197 2658 431 2707 multum
464 2658 557 2707 diu
590 2658 755 2722 pressi
776 2663 968 2716 essent,
993 2657 1250 2706 violencie
1283 2657 1549 2722 armisque
1572 2658 1900 2706 Francorum

195 2739 320 2789 lassi
351 2745 405 2789 et
438 2739 653 2804 fatigati
684 2744 971 2789 cesserunt.
1007 2739 1302 2788 Conscenso
1345 2739 1529 2803 itaque
1568 2739 1696 2788 valli
1726 2738 1900 2788 muni-

197 2821 354 2879 mine,
400 2821 755 2885 ingredientes
798 2820 989 2869 Franci
1031 2837 1165 2885 quos
1214 2820 1319 2870 illic
1360 2820 1610 2885 Anglicos
1660 2820 1898 2869 invenire

262 2994 302 3019 α.
329 2981 458 3019 Dans
483 2980 527 3019 Ζα
555 2992 718 3031 marge,
749 2981 798 3019 de
831 2981 876 3019 la
905 2980 1031 3019 main
1062 2981 1112 3019 de
1144 2980 1349 3026 l'auteur,
1379 2993 1433 3020 en
1466 2980 1516 3020 G.
1537 3002 1597 3008 —
1629 2979 1666 3019 b.
1692 2980 1822 3019 Dans
1852 2979 1897 3018 la
