2071 3302
206 245 297 296 196
537 252 611 284 DE
645 252 791 302 DUCE
826 251 893 283 ET
928 250 1069 282 REGE
1104 248 1569 281 DISCORDANTIBUS

203 369 447 418 debitum
481 367 799 432 posuissent,
837 364 1294 430 quemadmodum
1330 363 1692 427 postmodum,
1730 378 1907 411 emen-

202 447 273 496 sis
316 456 519 511 propea
554 451 676 494 octo
713 444 866 493 annis
902 443 989 492 vel
1028 458 1239 500 novem,
1280 441 1423 505 ipsos
1459 441 1642 490 fecisse
1673 445 1904 490 constat.

203 525 307 574 Sed
343 524 583 589 profecto
628 523 683 571 in
728 521 926 570 milicia
963 520 1184 569 Francie
1225 519 1402 568 nullus
1439 519 1584 577 ordo,
1623 519 1771 567 nulla
1803 518 1905 567 dis-

203 603 419 668 posicio,
459 601 607 650 nulla
645 599 924 663 disciplina
961 598 1255 647 secundum
1292 596 1662 646 instituciones
1700 601 1754 645 et
1792 612 1907 660 pre-

204 685 362 744 cepta
385 679 459 728 rei
481 678 728 727 militaris
759 677 1114 726 servabantur
1144 691 1316 739 neque
1348 675 1447 723 sub
1477 690 1699 723 numero
1731 678 1785 722 et
1816 673 1909 723 sti-

205 758 400 822 pendio
422 756 649 821 regulari
671 755 996 804 tenebantur
1016 769 1027 812 ;
1053 754 1145 802 sed
1167 769 1260 817 per
1282 758 1504 810 turmas,
1530 752 1629 801 sub
1651 751 1753 801 hiis
1775 767 1911 816 quos

205 835 306 885 sibi
341 839 699 900 proponerent
736 833 912 890 duces,
950 836 1306 896 pervagantes
1342 846 1525 880 omnes
1560 845 1694 894 pene
1729 834 1911 894 partes

205 919 260 963 et
300 912 603 978 provincias
644 911 828 969 Gallie,
871 910 1140 974 rapientes
1180 924 1515 973 quecumque
1565 907 1807 957 libuisset
1856 912 1910 955 et

206 991 361 1041 villas
399 996 562 1055 atque
601 990 763 1054 opida
800 1005 903 1053 que
942 993 1129 1037 contra
1167 1003 1324 1036 suum
1361 987 1624 1050 impetum
1673 1002 1726 1035 se
1772 985 1911 1034 tueri

206 1069 424 1118 minime
444 1073 660 1133 possent
681 1067 971 1132 spoliantes
990 1082 1051 1114 ac
1071 1065 1396 1129 diripientes,
1418 1080 1450 1112 a
1478 1064 1624 1112 nullo
1643 1079 1697 1113 se
1723 1078 1911 1128 genere

207 1147 524 1211 injuriarum
556 1145 919 1194 abstinebant.
951 1145 1036 1192 Ex
1061 1159 1168 1208 quo
1198 1142 1429 1207 plurima
1453 1141 1683 1191 vastitas
1708 1146 1762 1190 et
1777 1146 1797 1175 Ι)
1823 1141 1911 1189 de-

208 1225 402 1274 solacio
430 1224 484 1272 in
507 1239 668 1288 regno
696 1239 790 1287 per
814 1237 997 1271 omnes
1020 1221 1185 1285 ipsius
1208 1225 1388 1285 partes
1410 1223 1788 1284 provenerunt.

278 1302 509 1351 Maxime
533 1306 716 1350 autem
740 1300 980 1349 animum
1002 1299 1356 1348 intendebant
1381 1303 1549 1347 terras
1570 1302 1785 1346 vastare
1809 1312 1911 1361 que

209 1381 309 1430 sub
349 1380 643 1444 Anglorum
691 1378 897 1427 dicione
939 1377 1304 1427 consisterent.
1358 1377 1491 1424 Erat
1532 1375 1673 1424 enim
1722 1375 1913 1424 tritum

210 1464 340 1508 tunc
373 1457 644 1507 communi
684 1472 924 1506 sermone
964 1455 1127 1504 velud
1164 1454 1508 1520 proverbium
1549 1453 1694 1518 apud
1707 1463 1726 1481 ‘³
1770 1452 1914 1517 ipsos

211 1536 438 1585 «melius
461 1541 659 1585 terram
669 1536 694 1566 ‘l
718 1535 894 1584 valere
916 1538 1207 1591 vastatam,
1233 1548 1397 1597 quam
1419 1531 1687 1597 perditam
1701 1531 1773 1589 1»,
1794 1546 1913 1579 eam

212 1615 543 1679 appellantes
561 1613 828 1678 perditam
846 1628 1010 1677 quam
1026 1612 1207 1660 hostes
1231 1610 1506 1668 tenebant,
1532 1609 1791 1674 quamdiu
1814 1609 1914 1658 sub

211 1709 395 1742 eorum
419 1696 690 1756 potestate
712 1694 969 1739 maneret.
999 1689 1132 1738 Cum
1153 1705 1280 1738 vero
1306 1688 1475 1737 eciam
1497 1686 1720 1752 Anglici‚
1750 1687 1911 1751 preci-

212 1786 316 1835 pue
351 1775 473 1835 post
504 1769 714 1818 obitum
739 1768 889 1817 ducis
912 1767 1223 1816 Bethfordie
1240 1766 1275 1825 2,
1302 1766 1356 1814 in
1382 1765 1536 1814 terris
1562 1781 1664 1830 que
1689 1764 1790 1814 sibi
1822 1780 1914 1829 pa-

211 1853 388 1897 rerent
420 1863 528 1896 non
557 1846 883 1896 dissimiliter
903 1845 957 1894 in
982 1845 1175 1910 predis,
1200 1844 1400 1909 rapinis
1421 1849 1475 1893 et
1505 1843 1723 1892 cedibus
1742 1859 1795 1892 se
1821 1843 1914 1891 ha·

212 1926 415 1984 berent,
466 1926 750 1990 populares
802 1940 928 1973 rura
974 1923 1265 1972 incolentes
1315 1921 1688 1975 miserabiliter
1739 1920 1914 1985 Oppri—

213 2010 435 2062 mentes,
460 2003 659 2052 incolas
681 2002 853 2067 patrie
878 2009 957 2051 se⁶
981 2008 1202 2050 exososf
1222 2000 1537 2048 mirabiliter
1569 1999 1914 2048 reddiderunt

214 2088 268 2132 et
298 2083 602 2130 effecerunt.

811 2265 1228 2315 CAPITULUM
1268 2264 1322 2312 II

218 2401 510 2465 QUALITER
549 2413 823 2449 AGRORUM
863 2412 1147 2449 CULTOREs
1187 2398 1539 2446 NORMANNIE
1581 2409 1731 2457 Juss1
1772 2409 1917 2445 SUNT

287 2471 503 2531 ARMARI
550 2495 620 2530 ET
664 2495 939 2541 QUOMODO
974 2482 1156 2529 ANGLI
1195 2493 1268 2528 DE
1306 2492 1442 2528 1PS1s
1478 2491 1720 2528 MAGNAM
1756 2490 1914 2526 STRA-

289 2577 406 2613 GEM
426 2576 727 2612 FECERUNT
741 2562 775 2611 3.
1589 2574 1592 2576 ·

287 2698 358 2746 Et
384 2713 506 2746 cum
530 2696 785 2745 adversus
809 2712 991 2745 eorum
1014 2695 1228 2760 rapinas
1252 2699 1306 2742 et
1329 2693 1616 2742 violencias
1639 2693 1786 2741 nulla
1809 2691 1915 2741 suf-

279 2860 319 2886 α.
340 2859 457 2899 pene
485 2848 538 2886 P.
559 2869 617 2874 —-
641 2846 678 2885 b.
701 2858 754 2885 ac
773 2847 827 2886 P.
846 2869 906 2874 ——
931 2858 964 2885 e.
986 2846 1046 2885 ad
1064 2846 1118 2884 P.
1138 2867 1198 2873 —-
1219 2845 1260 2884 d.
1283 2844 1340 2884 Ce
1359 2847 1446 2882 mot
1469 2844 1582 2883 dans
1607 2843 1651 2882 la
1677 2854 1840 2893 marga,
1865 2842 1915 2880 de

219 2907 267 2946 la
292 2907 416 2946 main
445 2907 495 2945 de
527 2906 735 2952 &luteum
764 2918 817 2945 en
847 2906 897 2945 G.
925 2928 984 2933 —
1010 2918 1044 2944 e.
1075 2905 1276 2957 Manque
1303 2917 1356 2943 en
1384 2904 1438 2942 P.
1467 2925 1526 2930 —
1546 2903 1577 2951 s.
1602 2914 1761 2942 exesos
1789 2902 1843 2941 P.

285 3052 321 3079 1.
363 3039 405 3091 J.
445 3039 703 3086 Morawski‚
744 3040 982 3079 Proverbes
1019 3038 1218 3089 sranfais
1257 3036 1500 3077 ante'rieurs
1539 3049 1598 3076 au
1635 3036 1683 3074 X
1693 3036 1751 3075 Ve
1789 3033 1915 3075 siecle
