2071 3302
161 184 221 237 58
270 194 343 224 DE
377 193 656 224 BERNARDI
693 192 907 223 00M1T1s
941 192 1227 223 ARMINIACI
1264 192 1547 224 OCCISIONE
1586 180 1748 238 (1418)

161 307 418 366 misimuS,
452 311 583 365 erat,
617 296 903 371 abreptum
933 307 1113 355 furens
1143 310 1197 355 et
1228 306 1495 356 insaniens
1525 307 1717 371 vulgus
1747 323 1860 356 cru-

161 388 350 437 deliter
375 388 599 454 peremit
616 388 650 437 1.
678 388 792 438 ‘Nec
819 388 935 452 ejus
962 387 1160 437 crudeli
1187 403 1314 437 nece
1342 388 1598 446 contenti,
1629 389 1697 437 ab
1723 388 1861 453 inju-

159 470 239 518 ria
262 470 598 535 quieverunt,
626 470 718 520 sed
749 469 915 534 ipsius
940 484 1130 533 corpus
1154 470 1422 519 nudatum
1446 469 1500 518 in
1524 469 1686 535 regali
1716 471 1862 535 pala-

160 551 240 600 cio
281 568 443 617 supra
475 567 830 601 marmoream
863 550 1143 599 tabulam2
1174 556 1467 616 posuerunt
1513 556 1582 610 et,
1619 552 1864 601 detracta

161 638 282 682 cute
323 633 555 698 corporis
595 633 664 682 ad
703 633 925 682 modum
964 632 1132 681 crucis
1173 633 1347 682 sancti
1384 633 1610 692 Andree‚
1653 633 1863 698 signum

157 715 602 780 Burgundionum
646 714 792 764 carni
836 730 928 764 sue
979 713 1419 778 impresseruntss,
1466 715 1652 764 multis
1694 715 1863 764 eciam

161 796 454 862 pugionum
478 796 674 846 ictibus
699 801 862 861 atque
885 795 1196 845 vulneribus
1220 796 1464 845 exanime
1488 797 1718 846 cadaver
1741 813 1862 846 con-

160 879 411 928 foderunt
441 883 604 943 atque
632 879 950 927 lacerarunt.
981 878 1120 928 Tum
1148 894 1274 927 vero
1303 879 1527 928 subinde
1556 894 1649 943 per
1676 879 1864 928 urbem

161 960 470 1018 discursare,
502 961 689 1010 domos
716 960 1022 1024 irrumpere,
1054 961 1196 1009 cives
1224 960 1456 1025 optimos
1485 965 1647 1025 atque
1675 961 1863 1009 hones-

160 1041 321 1091 tiores
360 1058 599 1106 quosque
639 1042 708 1090 ad
746 1057 979 1091 carceres
1017 1043 1243 1100 trahere,
1285 1042 1575 1091 Arminiaci
1612 1057 1807 1091 nomen
1819 1050 1861 1100 (ι,

160 1123 371 1188 quibuS,
396 1123 482 1172 vel
504 1123 704 1188 privati
727 1123 836 1172 odii
858 1123 1049 1182 furore,
1075 1125 1160 1172 vel
1183 1140 1279 1188 pro
1302 1124 1544 1189 predicta
1566 1123 1863 1188 cupiditate

158 1206 346 1255 liberet
384 1205 670 1269 objectare,
711 1209 764 1254 et
803 1205 997 1269 quibus
1033 1204 1304 1270 objectare
1341 1206 1652 1264 voluissent,
1691 1204 1861 1262 ferire,

158 1302 362 1345 necare,
410 1286 693 1336 crudeliter
735 1287 981 1346 lacerare,
1029 1286 1338 1336 sicariorum
1383 1287 1555 1345 turbe,
1601 1303 1667 1335 ex
1710 1286 1863 1351 plebe

160 1368 417 1418 vilissima
442 1373 605 1433 atque
631 1368 887 1433 opificum
910 1369 1285 1419 mercennariis
1311 1374 1608 1433 aggregate,
1636 1385 1729 1433 per
1753 1368 1864 1418 dies

160 1450 416 1515 plurimos
442 1466 551 1499 non
578 1455 868 1500 cessarunt.
899 1451 1075 1500 Nichil
1101 1451 1244 1499 enim
1271 1456 1350 1500 est
1378 1451 1726 1516 popularibus
1752 1455 1862 1500 tur-

159 1533 256 1591 bis,
289 1537 617 1596 potestatem
647 1549 708 1582 ac
738 1532 1051 1582 dominandi
1079 1533 1355 1582 licenciam
1384 1533 1495 1582 sine
1525 1533 1707 1581 ordine
1738 1533 1863 1582 arri-

159 1614 446 1679 pientibUS,
489 1614 845 1679 insipiencius,
888 1614 1050 1663 nichil
1102 1615 1361 1674 stolidius,
1406 1615 1567 1664 nichil
1607 1615 1861 1679 periculo-

160 1696 283 1754 sius,
325 1696 487 1745 nichil
527 1697 754 1762 deinque
794 1696 1074 1747 crudelius.
1115 1698 1236 1746 Non
1276 1698 1417 1746 enim
1456 1696 1598 1746 ussob
1636 1696 1863 1745 racionis

158 1778 358 1842 judicio
381 1793 474 1828 seu
495 1779 873 1836 moderamine,
899 1779 992 1828 sed
1013 1795 1352 1844 quocumque
1374 1779 1607 1843 impetus
1630 1778 1859 1836 duxerit,

159 1861 419 1921 feruntur,
457 1861 708 1910 torrentis
742 1862 911 1911 instar
945 1868 1039 1912 aut
1074 1862 1471 1912 sevissimarum
1503 1877 1648 1909 more
1682 1861 1860 1909 belua-

159 1959 293 1993 rum.
334 1944 445 1993 Nec
480 1959 606 1992 vero
643 1944 1006 2008 pontificibus,
1044 1944 1320 1993 monachis
1356 1944 1440 1991 vel
1477 1942 1859 2000 sacerdotibus,

158 2040 251 2074 seu
280 2025 567 2084 nobilitati,
600 2025 689 2074 illo
720 2026 1082 2076 crudelissimo
1112 2026 1287 2074 furore
1317 2029 1698 2089 percurrenteS‚
1731 2024 1861 2073 ulla-

159 2112 316 2156 tenus
350 2107 617 2171 parcitum
651 2112 762 2165 est;
801 2108 892 2157 sed
927 2113 1132 2172 quanto
1167 2108 1357 2157 alciore
1389 2107 1666 2171 dignitatis
1701 2106 1860 2155 clare·

159 2188 293 2236 bant
326 2188 503 2246 titulo,
540 2188 583 2237 si
616 2189 1043 2238 Arminiacorum
1077 2190 1314 2238 fautores
1348 2188 1507 2237 fuisse
1542 2188 1858 2246 dicerentur,

160 2274 315 2318 tanto
355 2269 540 2334 magis,
582 2270 637 2318 in
677 2286 765 2320 eos
805 2271 973 2320 sevire
1013 2271 1103 2320 illa
1143 2270 1514 2320 efferatissima
1553 2269 1861 2318 sicariorum

159 2351 321 2400 turba
361 2352 636 2415 querebat,
681 2357 734 2400 et
777 2353 1056 2417 presertim
1097 2353 1141 2402 si
1182 2352 1350 2402 eciam
1391 2367 1503 2401 rem
1545 2351 1861 2400 familiarem

158 2433 480 2497 locupletem
518 2439 570 2482 et
611 2434 798 2483 domos
836 2435 989 2484 bonis
1027 2435 1250 2484 refertas
1288 2434 1482 2497 habere
1521 2438 1857 2498 putarentur.

160 2515 301 2565 Cesis
348 2516 490 2564 enim
526 2532 660 2581 quos
696 2517 968 2576 volebant,
1008 2518 1194 2567 domos
1238 2533 1478 2566 cesorum
1515 2516 1715 2583 absque
1752 2515 1860 2564 ullo

160 2597 342 2647 ordine
373 2613 469 2662 pro
499 2597 652 2646 libito
683 2598 1023 2663 diripiebant,
1052 2605 1106 2648 et
1137 2603 1355 2663 propter
1385 2597 1576 2662 predas
1606 2597 1745 2645 inter
1775 2607 1860 2646 se⁶

160 2680 494 2729 decertantes
534 2695 594 2728 ac
634 2680 964 2740 dimicantes,
1007 2697 1118 2731 sese
1157 2680 1325 2730 eciam
1363 2679 1649 2736 interdum,
1691 2678 1860 2728 instar

158 2761 468 2810 rabidorum
492 2777 702 2820 canum,
729 2762 1038 2814 lacerabant
1064 2768 1117 2813 et
1143 2761 1492 2827 perimebant.

219 2929 259 2956 α.
283 2918 481 2957 nominis
504 2919 556 2957 P.
579 2941 636 2946 —
661 2919 696 2958 b.
720 2918 921 2972 Manque
942 2933 994 2959 en
1017 2920 1070 2959 P.
1089 2942 1149 2947 —
1166 2931 1200 2958 c.
1222 2918 1422 2970 Manque
1442 2930 1495 2958 en
1516 2918 1568 2957 P.
