2071 3302
190 199 253 248 96
695 207 768 238 DE
801 206 1099 238 ANGLORUM
1134 205 1385 237 VICTORIA

191 322 483 386 Anglorum
511 320 803 369 exercitum
830 318 1255 385 pertransissent,
1286 323 1347 367 ut
1375 334 1464 367 eos
1497 318 1609 383 jam
1636 322 1758 383 post
1786 323 1889 367 ter—

191 419 318 467 gum
346 402 719 467 relinquerent,
753 401 1121 451 existimantes
1158 404 1439 464 sequentes
1479 415 1533 448 se
1563 400 1888 449 Francorum

193 485 579 549 Scotorumque
610 483 805 548 copias,
840 482 985 547 quod
1016 481 1146 531 satis
1177 481 1398 530 feliciter
1428 481 1742 530 inchoarant
1773 497 1888 545 per-

192 566 424 615 fecturos
442 566 552 614 fore
572 569 625 614 et
643 565 844 629 Anglos
861 564 916 612 in
934 563 1137 628 reliquo
1157 563 1310 612 facile
1328 563 1638 612 occumbere
1664 568 1718 611 et
1746 562 1890 612 vinci

193 664 360 712 posse,
410 648 478 696 ad
525 646 814 696 sarcinulas
858 645 1152 710 Anglorum
1199 644 1537 709 diripiendaS‚
1581 654 1719 708 quea
1767 660 1890 693 cum

193 745 375 778 eorum
400 728 549 793 equis
575 728 638 776 ab
665 727 880 776 famulis
904 732 957 776 et
982 726 1337 791 mangonibus
1362 725 1492 775 satis
1517 726 1701 790 procul
1726 741 1889 775 asser-

193 811 478 868 vabantur,
508 825 561 859 se
587 809 928 858 contulerunt
949 824 960 867 ;
989 824 1016 856 e
1042 807 1237 873 quibus
1262 808 1462 857 multos
1486 823 1670 856 eorum
1695 823 1888 856 conan-

195 903 274 942 tes
307 893 534 956 effugere
567 907 759 940 manus
806 894 1176 955 peremeruntC
1210 894 1264 938 et
1298 889 1531 938 multum
1564 888 1680 938 auri
1712 893 1766 937 et
1809 904 1888 937 ar-

192 974 338 1039 genti
373 973 625 1038 varieque
671 972 904 1037 preciose
941 970 1287 1036 superlectilis
1322 976 1614 1036 rapuerunt
1650 975 1704 1019 et
1748 969 1888 1019 abie-

196 1060 336 1105 runt.

261 1136 469 1202 Anglici
497 1153 639 1195 ver0,
665 1151 776 1185 sese
804 1134 1208 1184 reordinantesd
1230 1139 1300 1193 et,
1325 1134 1419 1199 qui
1447 1150 1511 1183 ex
1535 1134 1608 1183 eis
1635 1134 1890 1199 prostrati

195 1224 341 1268 tume
374 1219 603 1277 fuerant,
638 1233 692 1267 se
725 1217 999 1282 erigenteS,
1034 1216 1320 1281 resumptis
1355 1215 1518 1264 animi
1552 1214 1889 1281 corporisque

193 1301 410 1359 viribus,
446 1301 643 1349 ducum
675 1315 892 1348 suorum
924 1298 1299 1347 exhortacione
1331 1297 1620 1346 confortati
1652 1302 1705 1346 et
1736 1297 1888 1346 robo—

193 1382 312 1441 rati,
339 1382 562 1431 viriliter
587 1398 648 1430 ac
673 1385 923 1430 strennue
949 1381 1275 1429 Francorum
1301 1380 1686 1443 Scotorumque
1710 1378 1890 1443 copias

193 1468 515 1529 exceperunt
561 1467 631 1522 et,
680 1462 890 1512 fortiter
936 1461 1267 1520 dimicantes,
1322 1460 1603 1526 plurimisf
1653 1460 1889 1509 hostium

194 1551 342 1611 terga
366 1545 754 1602 vertentibusg,
780 1560 1032 1608 magnam
1057 1560 1123 1592 ex
1149 1542 1313 1608 ipsish
1344 1543 1527 1592 cedem
1551 1548 1888 1608 stragemque

194 1628 447 1677 fecerunt.

262 1709 459 1759 Omnes
485 1708 589 1757 illic
617 1709 898 1758 Scotorum
925 1707 1073 1772 copie
1101 1723 1223 1756 cum
1249 1706 1357 1755 suis
1383 1705 1766 1771 prenominatis
1794 1705 1888 1754 du-

194 1791 343 1840 cibus
370 1806 504 1855 pene
532 1790 767 1838 extincte
796 1795 938 1847 sunt,
970 1788 1179 1853 fuitque
1207 1788 1345 1836 inter
1373 1803 1461 1837 eos
1489 1792 1542 1835 et
1570 1787 1769 1852 Anglos
1798 1786 1889 1836 diu

196 1872 550 1937 acerrimeque
594 1875 908 1936 pugnatum,
956 1885 1124 1935 usque
1168 1870 1237 1918 ad
1288 1869 1513 1918 totalem
1555 1869 1862 1918 eorumdem
1875 1868 1887 1896 “

194 1954 607 2003 internecionem
622 1953 657 2004 1.
686 1954 771 2002 Ex
797 1952 1014 2001 Francis
1045 1951 1213 2000 eciam
1238 1950 1397 2000 multi
1426 1950 1744 2008 ceciderunt,
1775 1949 1889 1998 aliis

195 2035 324 2085 fusis
357 2035 562 2100 sibique
594 2035 895 2099 perfugam
925 2033 1341 2083 consulentibus.
1374 2032 1574 2096 Cecidit
1605 2031 1678 2081 ibi
1713 2047 1888 2081 comes

195 2118 260 2167 de
284 2118 424 2167 Alba
449 2117 590 2166 Mala
612 2133 735 2165 cum
758 2115 942 2165 multis
966 2115 1081 2164 aliis
1104 2114 1371 2164 nobilibus
1394 2115 1734 2163 Francorum.
1763 2114 1888 2162 Dux

195 2198 483 2257 Alenconii,
519 2198 759 2262 dejectus
791 2198 859 2246 ad
895 2202 1109 2255 terram,
1145 2197 1388 2246 confecto
1419 2195 1599 2260 preliO,
1633 2195 1771 2243 inter
1804 2211 1887 2244 oc-

195 2281 423 2330 cisorum
455 2296 671 2329 acervos
702 2280 875 2328 adhuc
906 2279 1093 2328 vivens
1126 2282 1381 2343 repertus,
1410 2277 1658 2342 captivus
1691 2277 1886 2325 abduc-

196 2373 282 2412 tus
310 2367 406 2412 est.

264 2444 438 2493 Cessit·
468 2444 651 2507 itaque
689 2442 888 2508 Anglis,
930 2458 1055 2517 non·
1075 2441 1353 2490 incruenta
1390 2447 1588 2499 tamen,
1629 2439 1854 2489 victoria
1874 2455 1884 2497 ;

194 2541 319 2574 nam
362 2531 414 2574 et
457 2525 552 2574 exJ‘
595 2524 722 2589 ipsis
763 2524 920 2573 multi
955 2523 1288 2580 ceciderunt;
1333 2523 1486 2587 longe
1522 2537 1647 2577 vero
1694 2521 1883 2586 plures,

196 2607 427 2656 cruentis
454 2606 686 2670 acceptis
711 2606 1034 2662 vulneribus,
1065 2605 1132 2654 ad
1159 2604 1372 2669 propria
1396 2604 1482 2652 vel
1506 2603 1775 2652 redierunt
1802 2603 1886 2651 vel

195 2689 463 2754 deportati
486 2693 627 2737 sunt.

253 2863 294 2889 a.
315 2848 396 2901 qui
414 2850 468 2889 P.
486 2871 546 2877 ——-
567 2849 605 2888 b.
626 2848 755 2901 equis
774 2861 802 2888 a
818 2860 1006 2901 manque
1025 2860 1078 2887 en
1098 2847 1152 2887 P.
1170 2870 1231 2875 —
1247 2859 1282 2886 c.
1302 2846 1588 2898 perimerunt
1606 2845 1659 2885 P.
1678 2866 1738 2872 —
1755 2845 1796 2884 d.
1817 2857 1886 2884 or·

194 2909 408 2949 dinantes
431 2909 583 2948 denuo
607 2909 660 2947 P.
684 2930 742 2936 —
763 2920 798 2947 e.
824 2911 1012 2947 tantum
1036 2907 1089 2946 P.
1113 2929 1172 2934 —
1191 2907 1224 2956 j.
1248 2905 1458 2958 pluribus
1481 2906 1533 2944 P.
1557 2927 1617 2932 —
1641 2917 1680 2956 g.
1704 2907 1887 2944 verten-
