2071 3302
194 229 283 273 182
321 241 395 272 DE
423 241 594 272 BELLO
623 241 788 272 INTER
816 241 1175 273 BURGUNDIAE
1203 241 1271 271 ET
1299 241 1560 272 BORBONII
1589 241 1763 273 DUCES

194 353 340 403 tibus
364 354 728 419 operirentura
758 358 812 403 et
844 354 957 419 jam
982 358 1122 404 certe
1149 369 1256 403 non
1280 358 1417 403 esset
1441 353 1489 402 ei
1517 353 1707 419 species
1732 370 1891 419 neque

193 435 336 486 decor
350 436 385 494 1,
422 452 525 500 que
559 436 833 501 quondam
866 435 1006 484 inter
1039 451 1222 485 omnes
1256 435 1531 485 christiani
1573 434 1715 485 orbis
1760 435 1890 484 civi-

194 521 336 567 tates
362 517 748 584 speciosissima
779 518 924 566 esseb
956 521 1119 582 atque
1153 516 1528 567 florentissima
1565 517 1887 567 ferebatur2.

263 599 396 648 Cum
420 603 602 648 autern
626 599 705 647 ita
729 598 839 648 sine
853 609 873 629 0
897 598 1074 663 preliis
1098 602 1152 647 et
1176 598 1496 648 exercitibus
1520 603 1683 664 atque
1707 598 1889 648 ordine

192 680 426 739 militari,
461 680 728 729 vastando
767 695 935 745 agros,
976 679 1273 744 diripiendo
1308 679 1556 729 civitates
1591 680 1676 730 vel
1709 679 1889 744 opida,

193 777 296 827 que
342 761 754 826 prodicionibus,
804 761 938 811 dolis
984 777 1076 811 seu
1121 761 1325 811 insidiis
1371 777 1528 826 super
1573 762 1892 810 alterutrum

192 842 312 909 capi
347 842 688 909 potuissentd
721 842 945 908 contigit
982 847 1043 892 ut
1076 843 1187 892 dux
1215 842 1485 901 Borbonii,
1518 842 1611 908 qui
1641 841 1889 908 Philippi,

189 922 635 989 Burgundionum
663 923 828 983 duciS,
859 940 1092 974 sororem
1118 925 1354 974 habebat
1382 924 1437 973 in
1464 924 1745 989 conjugem
1760 924 1795 983 3,
1826 940 1892 973 ex

192 1006 347 1056 terris
380 1006 489 1056 suis
529 1011 751 1072 accepta
794 1011 1125 1056 armatorum
1163 1005 1526 1064 multitudine,
1562 1011 1730 1055 terras
1758 1006 1891 1055 Bur-

191 1087 386 1153 gundie
417 1088 621 1137 vicinas
652 1087 752 1137 sibi
781 1087 1018 1153 graviter
1047 1087 1324 1136 infestaret
1355 1092 1410 1136 et
1440 1087 1670 1153 plurima
1699 1087 1773 1137 eis
1804 1088 1891 1137 de-

191 1169 448 1218 trimenta
486 1169 704 1218 inferret
718 1169 754 1219 4.
799 1168 1005 1234 Quibus
1044 1168 1394 1218 incommodis
1434 1184 1711 1219 occurrens
1750 1169 1892 1218 idem

193 1251 486 1316 Philippus,
526 1251 618 1316 qui
653 1251 814 1316 paulo
850 1255 975 1300 ante
1007 1250 1364 1300 Brabanciam
1398 1266 1492 1315 per
1525 1250 1735 1300 obitum
1770 1250 1891 1300 Phi-

189 1333 338 1398 lippi,
386 1333 535 1382 ducis
579 1333 744 1399 ipsius
786 1333 1099 1391 Brabancie‚
1147 1348 1213 1382 ex
1256 1332 1522 1397 legittima
1565 1332 1891 1382 successione

191 1414 292 1464 sibi
327 1415 655 1474 vendicarat,
694 1414 749 1463 in
782 1414 1151 1480 Burgundiam
1187 1430 1254 1463 ex
1286 1414 1587 1464 Brabancia
1621 1414 1891 1479 profectus

191 1500 271 1546 est
287 1496 307 1527 5
327 1512 337 1555 ;
362 1497 472 1556 ubi,
497 1497 718 1546 collecto
741 1496 993 1556 exercitU‚
1019 1513 1130 1546 sese
1154 1497 1218 1545 de
1240 1496 1448 1561 injuriis
1470 1495 1570 1546 sibi
1592 1501 1646 1545 et
1669 1495 1777 1546 suis
1798 1511 1891 1561 per

192 1577 397 1627 dictum
421 1579 611 1628 ducem
630 1578 887 1628 Borbonii
909 1578 1169 1643 irrogatiS‚
1196 1577 1377 1627 ulcisci
1401 1577 1710 1628 destinavit.

258 1661 549 1725 Aggressus
595 1660 757 1725 igitur
803 1660 919 1725 ejus
966 1664 1148 1718 terras,
1198 1660 1372 1709 multa
1417 1659 1548 1709 inibi
1594 1660 1680 1709 vel
1725 1675 1890 1724 expu-

190 1742 405 1806 gnando
443 1742 529 1791 vel
568 1742 861 1792 obsidendo
903 1741 1168 1791 fortalicia
1213 1746 1267 1790 et
1314 1741 1475 1806 opida
1512 1741 1733 1806 accepit,
1775 1742 1889 1807 plu-

190 1839 355 1889 raque
381 1823 737 1873 verisimiliter
762 1823 1067 1888 accepisset,
1094 1823 1196 1873 nisi
1221 1822 1363 1873 idem
1385 1822 1640 1872 Borbonii
1669 1823 1780 1872 dux
1818 1824 1888 1872 ad

190 1906 616 1970 componendam
663 1921 851 1970 pacem
899 1905 1391 1970 conciliandamque
1443 1904 1581 1953 inter
1630 1904 1891 1954 Karolum

189 2002 366 2051 regem
409 1991 462 2035 et
507 1986 712 2036 dictum
752 1986 1196 2051 Burgundionum
1246 1986 1435 2035 ducem
1488 1986 1783 2036 amiciciam
1833 1991 1887 2036 et

190 2069 528 2118 concordiam
549 2068 789 2118 animum
809 2068 1157 2118 convertisset
1173 2069 1210 2119 ⁸.

250 2253 291 2278 α.
312 2239 614 2291 implerentur
633 2240 687 2278 P.
707 2263 766 2267 ——
788 2240 824 2279 b.
847 2240 904 2278 M
906 2252 1048 2292 (mque
1067 2252 1120 2279 en
1139 2240 1193 2278 P.
1213 2261 1273 2267 ——
1289 2252 1324 2278 c.
1347 2240 1404 2279 Ce
1424 2243 1511 2278 mot
1528 2241 1641 2279 dans
1660 2239 1704 2279 la
1722 2252 1885 2291 marge,

188 2299 237 2338 de
257 2299 301 2337 la
320 2299 446 2338 main
465 2299 515 2338 de
533 2299 738 2345 sautem,
760 2312 814 2338 en
840 2299 890 2344 G,
912 2311 939 2348 y
959 2313 986 2338 α
1005 2297 1066 2338 έίέ
1083 2298 1301 2338 substitue'
1320 2297 1347 2338 ὰ
1365 2299 1472 2345 suis,
1494 2311 1573 2351 que
1593 2299 1735 2338 donne
1755 2299 1808 2337 P.
1830 2322 1887 2326 —

187 2359 228 2397 d.
250 2357 397 2397 De'but
419 2359 468 2397 de
489 2359 649 2410 phrase
671 2358 922 2410 incomplet,
947 2358 1063 2398 mais
1085 2359 1189 2397 dont
1210 2358 1246 2398 le
1269 2371 1369 2397 sens
1389 2356 1541 2411 paruit
1561 2358 1685 2397 clair.
1718 2358 1824 2397 Voir
1844 2358 1885 2397 lu

188 2418 437 2476 traducti073
458 2418 679 2457 ci-contre.

250 2583 289 2670 Ξ.
309 2572 749 2683 ῙΙῗέιῗῘοΙᾶξᾳΙαὲΖΖᾶἀη
783 2632 1011 2684 bourgeois
1040 2634 1090 2673 de
1120 2633 1270 2679 Paris,
1303 2634 1372 2673 ed.
1405 2633 1585 2685 Tuetey
1617 2632 1782 2683 (1881),
1816 2636 1886 2672 est

186 2690 311 2742 plein
329 2703 446 2742 pour
464 2695 587 2731 cette
605 2692 785 2743 epoque
803 2693 860 2732 de
878 2692 1044 2732 details
1061 2705 1139 2732 sur
1157 2693 1220 2732 les
1240 2692 1424 2732 miseres
1443 2693 1499 2731 de
1516 2692 1562 2731 la
1580 2692 1792 2743 capitale.
