2071 3302
223 190 316 232 218
636 200 708 231 DE
744 199 1105 231 NORMANNIAE
1141 200 1512 233 DESOLATIONE

222 313 479 364 niendum
500 319 699 379 atquea
724 314 1119 364 defendendum
1142 319 1196 363 et
1218 331 1329 364 sese
1352 315 1647 365 multitudo
1667 316 1807 367 illius
1834 334 1926 382 po-

221 395 335 461 puli
357 396 578 461 agrestis
600 404 764 461 prope
786 400 1001 461 portam
1022 401 1076 445 et
1098 396 1302 445 vallum
1323 396 1622 447 inconsulte
1645 413 1707 447 ac
1729 403 1926 448 temere

221 477 333 528 sine
362 478 546 528 ordine
574 477 865 536 effudisset,
895 478 1156 527 irruentes
1189 478 1243 527 in
1272 494 1360 528 eos
1388 479 1682 544 Anglorum
1711 480 1930 530 ducenti

221 560 308 609 vel
338 560 564 609 trecenti
596 559 803 624 equites
841 575 1094 624 magnam
1133 564 1366 625 stragem
1405 561 1470 610 de
1508 560 1636 626 ipsis
1667 561 1924 612 fecerunt.

223 641 394 689 Erant
415 640 557 689 enim
577 656 825 705 agrorum
845 641 1074 690 cultores
1094 640 1366 705 pedestres
1385 657 1550 706 prope
1569 641 1811 701 inermes,
1835 642 1928 707 qui

223 723 288 772 de
333 723 446 771 sola
490 722 622 772 suab
669 738 802 787 pene
855 722 1226 771 innumerosa⁶
1271 722 1620 772 multitudine
1661 724 1928 788 confidere

221 803 547 853 videbantur
576 819 585 853 :
614 804 756 853 unde
783 803 936 853 facile
963 803 1066 853 suit
1092 803 1364 868 equitibus
1390 805 1612 854 armatis
1637 821 1725 855 eos
1752 805 1927 870 oppri-

221 899 363 933 mere
389 889 443 933 et
469 884 524 933 in
550 885 733 950 fugam
759 890 981 934 vertere.
1010 884 1249 935 Audiens
1276 890 1458 934 autem
1483 886 1795 945 multitud0‚
1824 903 1927 952 que

221 981 288 1014 ex
318 966 566 1016 omnibus
598 966 735 1031 agris
766 967 938 1032 patrie
969 967 1192 1017 collecta
1221 967 1459 1016 maxima
1488 968 1579 1017 etsl
1609 984 1743 1033 pene
1773 968 1926 1017 innu-

221 1048 490 1098 merabilis
531 1049 818 1107 ferebatur,
863 1049 1134 1114 quomodo
1176 1049 1269 1114 qui
1309 1055 1671 1114 precesserant
1713 1050 1778 1099 de
1819 1049 1928 1100 suis

221 1130 565 1188 cedebantur,
604 1135 755 1195 terga
789 1136 1085 1180 verterunt.
1125 1131 1269 1195 Quos
1305 1131 1574 1196 prosecuti
1608 1137 1734 1181 sunt
1769 1131 1928 1196 Angli

222 1211 458 1260 cedendo
500 1217 554 1260 et
596 1212 906 1276 perimendo
949 1213 1150 1277 absque
1192 1213 1302 1262 ulla
1341 1212 1702 1262 miseracione.
1748 1214 1926 1263 Duxe-

220 1298 348 1342 runt
380 1294 549 1342 eciam
580 1294 735 1344 vivos
767 1295 1140 1359 quamplurese
1174 1295 1244 1344 ad
1279 1294 1516 1359 opidum,
1551 1311 1686 1359 quos
1716 1296 1803 1344 vel
1834 1311 1928 1360 per

220 1375 428 1440 plateas
451 1392 630 1425 coram
653 1376 860 1425 civibus
892 1376 995 1425 loci
1016 1376 1337 1441 jugulabant
1369 1381 1422 1426 et
1446 1376 1819 1442 discerpebant
1841 1377 1928 1426 vel

221 1457 291 1506 ad
321 1458 519 1507 flumen
548 1458 745 1507 Secane
777 1457 901 1507 illuc
911 1459 941 1495 f
979 1459 1251 1523 profluens
1275 1459 1531 1508 ducentes
1557 1459 1612 1507 in
1639 1459 1792 1523 aquis
1819 1459 1926 1508 suf-

221 1539 476 1588 focabant
492 1539 526 1589 1.

290 1617 619 1682 Hujusmodi
644 1623 827 1667 autem
852 1618 1001 1667 clade
1027 1623 1327 1683 susceptar‘f,
1351 1635 1472 1668 cum
1497 1619 1609 1683 jam
1637 1619 1741 1668 alia
1766 1619 1926 1684 opida

220 1699 307 1748 vel
333 1700 552 1749 castella
578 1699 631 1748 in
659 1700 855 1764 quibus
880 1701 1175 1764 Anglorum
1202 1700 1433 1765 presidia
1457 1701 1636 1749 locata
1661 1717 1772 1750 esse
1799 1700 1925 1750 scie-

220 1781 354 1830 bant
393 1781 607 1845 aggredi
647 1781 865 1830 minime
896 1782 1170 1840 auderent,
1204 1782 1430 1846 sparsim
1460 1782 1826 1847 unusquisque
1857 1783 1926 1831 ad

220 1862 431 1912 diversa
466 1863 694 1912 latibula
722 1864 808 1912 vel
847 1880 970 1913 suas
1000 1864 1187 1913 domos
1217 1864 1492 1922 abeuntes,
1525 1864 1770 1929 dissipati
1799 1869 1925 1914 sunt

219 1960 316 1994 nec
337 1945 480 1994 ultra
499 1945 554 1993 in
574 1961 743 1994 unum
764 1962 955 2010 agmen
976 1946 1165 1996 coacti.

289 2026 602 2076 Miserabilis
631 2033 813 2076 autem
843 2043 904 2076 ac
930 2027 1290 2076 lamentabilis
1319 2028 1562 2090 statime
1590 2028 1816 2093 vestigio
1845 2033 1924 2077 to-

219 2108 330 2157 cius
360 2108 498 2158 illius
528 2110 688 2173 paulo
719 2115 844 2158 ante
874 2109 1278 2174 populosissime
1308 2114 1361 2158 et
1391 2110 1803 2174 locupletissime
1832 2126 1924 2175 pa-

219 2190 318 2239 trie
345 2191 586 2240 vastacio
613 2196 666 2240 et
694 2191 957 2240 desolacio
985 2196 1272 2240 consecuta
1297 2196 1394 2240 est.
1423 2191 1631 2256 Anglici
1657 2191 1833 2240 enim2
1859 2208 1925 2240 ex

218 2272 441 2321 diversis
476 2273 604 2322 locis
640 2273 901 2322 inferioris
937 2273 1264 2322 Normannie
1301 2278 1354 2322 et
1399 2273 1624 2322 aliarum
1660 2278 1923 2323 terrarum

219 2353 320 2403 sibi
362 2355 744 2418 subjectarum,
790 2360 1053 2420 tanquam
1096 2355 1165 2404 ad
1207 2371 1545 2404 communem
1588 2360 1923 2404 accurrentes

219 2436 462 2500 predam,¹
494 2437 655 2501 opida
688 2443 741 2486 et
777 2437 996 2486 castella
1028 2437 1199 2502 patrie
1234 2453 1336 2501 que
1371 2437 1629 2486 tenebant
1663 2436 1924 2486 militibus

218 2517 609 2582 impleverunt;
648 2519 740 2583 qui
775 2536 896 2568 cum
931 2519 1138 2584 magnis
1173 2519 1474 2583 agminibus
1509 2519 1742 2584 patriam
1776 2519 1923 2568 illam

219 2603 272 2647 et
311 2598 519 2663 singula
549 2599 713 2664 ipsius
754 2600 871 2649 loca
900 2605 1270 2665 percursantes
1301 2600 1481 2650 omnia
1510 2601 1647 2649 ferro
1679 2605 1773 2650 aut
1803 2600 1922 2665 igne

219 2685 272 2729 et
307 2685 535 2746 utroque
569 2681 799 2746 plurima
831 2682 1068 2731 locorum
1101 2682 1347 2747 populati
1379 2687 1520 2741 sunt,
1558 2698 1922 2747 quoscumque

219 2761 362 2812 viros
394 2762 721 2813 invenissent
755 2764 1087 2813 trucidantes
1118 2764 1205 2813 vel
1235 2764 1480 2828 captivos
1513 2764 1783 2813 ducentes
1819 2762 1922 2827 Qui

282 2919 322 2945 α.
343 2910 389 2946 et
405 2908 459 2946 P.
478 2931 532 2936 —
552 2908 589 2946 b.
609 2908 811 2960 Manque
828 2908 887 2947 iaz·
905 2921 957 2948 en
975 2910 1028 2954 P,
1047 2906 1218 2960 reporte'
1233 2907 1362 2960 apres
1380 2908 1694 2948 multitudine.
1712 2930 1772 2936 —
1786 2919 1820 2947 c.
1841 2919 1920 2946 nu-

223 2978 402 3005 merosa
422 2967 475 3005 P.
500 2990 559 2994 —
579 2968 620 3006 d.
645 2968 846 3020 Manque
868 2981 921 3007 en
946 2969 1000 3007 P.
1026 2991 1085 2996 —
1109 2981 1144 3007 e.
1171 2968 1428 3019 complures
1451 2968 1505 3007 P.
1530 2990 1589 2996 —
1612 2967 1642 3016 s.
1668 2967 1759 3007 illic
1782 2967 1836 3006 P.
1863 2989 1922 2994 —

222 3038 261 3076 g.
287 3029 480 3078 accepta
502 3027 556 3068 Ρ,
