2071 3302
185 192 273 236 132
465 189 539 220 DE
575 186 865 226 JOHANNAE
900 186 1011 217 CUM
1049 184 1261 216 KAROLO
1297 183 1597 225 COLLOQUIO

183 303 534 354 madmodum
571 301 626 350 in
663 301 821 350 rebus
859 298 1151 364 desperatis
1189 296 1477 361 aliquando
1518 296 1630 345 fieri
1667 296 1877 354 assolet,

184 386 330 452 quod
371 385 573 434 dictam
614 384 922 447 Johannam
963 380 1201 430 Puellam
1242 378 1425 428 audire
1466 378 1681 428 deberet
1722 382 1775 426 et
1816 393 1882 426 ex

182 467 285 518 hiis
310 482 413 532 que
439 482 532 531 per
557 481 676 514 eam
702 463 927 521 audiret,
955 461 1246 527 prudenter
1270 459 1695 509 animadvertere
1721 463 1882 524 atque

187 549 463 614 explorare
496 563 564 596 an
598 546 824 596 dicenda
854 560 948 610 per
979 559 1113 601 eam,
1147 542 1309 592 velud
1339 543 1578 591 humana
1611 542 1881 606 figmenta,

186 630 535 696 repudianda,
583 628 669 677 vel
713 626 897 692 pocius
940 624 1110 674 veluti
1155 624 1334 673 divine
1379 623 1603 687 alicujus
1648 622 1886 672 admoni-

187 712 352 762 cionis
377 727 469 761 seu
493 708 848 775 preceptionis
871 706 1132 756 habencia
1163 705 1430 755 racionem
1457 704 1730 754 humiliter
1759 704 1886 753 reci-

189 794 385 860 pienda
405 798 457 854 et
479 790 853 856 amplectenda
872 790 1063 838 forent.

256 877 459 925 Eorum
483 878 665 923 autem
688 871 905 922 consilio
930 887 1023 919 rex
1047 875 1099 919 et
1123 869 1421 919 instanciaa
1447 868 1706 927 devictus,
1732 868 1890 917 simul

189 963 243 1007 et
277 973 454 1006 rerum
488 961 619 1005 tunc
652 953 983 1020 presencium
1017 953 1253 1017 quadam
1285 951 1447 1001 velud
1480 949 1735 1000 adaetusb
1771 949 1885 998 des-

189 1039 483 1105 peracione‚
524 1036 976 1102 adquiescendum
1012 1034 1262 1092 decrevit,
1301 1037 1355 1081 et
1391 1034 1699 1097 Johannam
1736 1032 1886 1081 Puel-

189 1122 298 1170 lam
333 1120 402 1169 ad
436 1135 491 1169 se
527 1117 768 1168 accersiri
801 1117 942 1166 fecit.
981 1116 1209 1166 Veniens
1243 1115 1405 1179 igitur
1440 1114 1509 1163 ad
1543 1117 1888 1178 conspectum

191 1203 326 1268 regis
354 1202 471 1268 ipsa
500 1201 767 1265 Johanna‚
799 1198 1018 1247 remotis
1048 1197 1276 1255 arbitris,
1309 1197 1422 1246 sola
1449 1212 1572 1246 cum
1600 1211 1720 1260 rege
1748 1195 1890 1244 ultra

193 1286 421 1334 duarum
445 1283 685 1348 spacium
706 1282 959 1330 horarum
982 1278 1306 1344 colloquium
1327 1278 1518 1328 habuit
1533 1278 1568 1327 1.
1596 1277 1714 1342 Qui,
1741 1276 1888 1326 audi-

192 1367 263 1417 tis
297 1381 400 1431 que
436 1365 608 1414 dicere
642 1363 831 1422 voluit,
869 1377 1025 1427 super
1058 1360 1242 1410 multis
1277 1360 1347 1409 ad
1379 1376 1491 1409 rem
1526 1360 1590 1408 de
1625 1375 1733 1424 qua
1767 1374 1888 1408 eum

195 1447 520 1498 admonebat
554 1445 910 1495 attinentibus
943 1443 1110 1493 eciam
1142 1442 1587 1507 interrogaciones
1619 1445 1782 1506 atque
1814 1440 1890 1488 in-

194 1530 511 1596 quisiciones
543 1528 683 1578 fecit.
718 1527 883 1592 Cujus
914 1525 1178 1591 responsis
1203 1524 1465 1589 dictisque
1493 1522 1891 1580 animadversis

196 1611 462 1678 signisque
498 1615 550 1659 et
586 1609 793 1658 indiciis
829 1609 893 1657 de
929 1606 1298 1658 occultissimis
1331 1607 1504 1664 rebus,
1544 1621 1677 1670 quas
1712 1605 1766 1653 in
1801 1619 1894 1653 sue

196 1693 566 1744 testimonium
589 1690 854 1741 missionis
879 1706 940 1739 ac
965 1689 1143 1738 divine
1167 1687 1522 1753 preceptionis
1546 1687 1647 1737 sibi
1671 1685 1893 1744 detexit,

196 1777 251 1825 in
279 1775 593 1824 nonnullam
622 1773 889 1822 dictorum
921 1772 1082 1821 fidem
1110 1775 1189 1820 est
1220 1770 1500 1819 adductus.
1534 1770 1724 1818 Fertur
1752 1767 1894 1816 enim

199 1857 393 1907 dixisse
422 1873 516 1905 rex
551 1855 714 1921 (quod
743 1859 797 1903 et
829 1870 861 1903 a
890 1853 1130 1919 predicto
1160 1852 1355 1902 comite
1385 1851 1640 1909 Dunensi‚
1674 1850 1766 1915 qui
1796 1849 1896 1899 sibi

199 1938 642 1989 familiarissimus
667 1941 797 1995 erat,
825 1935 1053 1985 audiisse
1077 1934 1433 1998 meminimus)
1454 1933 1488 1992 2,
1517 1949 1635 1982 eam
1659 1932 1760 1982 sibi
1784 1936 1898 1980 tam

202 2026 404 2071 secreta
429 2025 591 2085 atque
618 2019 843 2077 occulta,
873 2018 942 2066 ad
967 2017 1233 2066 dictorum
1261 2016 1437 2073 fidem,
1467 2015 1766 2072 adduxisse,
1795 2029 1898 2078 que

201 2104 408 2153 nulluse
444 2101 754 2150 mortalium
788 2104 965 2164 preter
998 2099 1246 2163 seipsum,
1283 2097 1384 2146 nisi
1419 2096 1678 2146 divinitus
1712 2095 1901 2144 habita

203 2183 547 2243 revelacione,
572 2183 702 2232 scire
723 2181 986 2247 potuisset
1002 2181 1036 2230 3.

265 2343 306 2370 a.
329 2329 649 2380 instantiaque
670 2329 724 2368 P.
745 2350 805 2356 —
829 2327 866 2367 b.
890 2327 1121 2367 adductus
1143 2326 1196 2366 P.
1219 2348 1278 2354 —
1297 2338 1331 2364 o.
1356 2324 1414 2364 Ce
1434 2327 1522 2364 mot
1542 2324 1654 2363 dans
1676 2324 1720 2363 la
1740 2335 1903 2375 marge,

207 2391 256 2429 de
276 2391 320 2429 Ζα
339 2388 464 2429 main
485 2389 534 2428 de
554 2388 758 2433 l'auteur‚
780 2399 834 2427 en
864 2387 915 2427 G.

272 2528 308 2556 1.
332 2516 404 2556 On
426 2527 482 2554 ne
502 2515 594 2554 sait
614 2513 642 2553 a
661 2514 769 2566 quel
788 2513 893 2564 jour
913 2514 1068 2565 placer
1089 2515 1210 2551 cette
1230 2510 1453 2563 premiere
1475 2514 1709 2557 entrevue,
1732 2509 1778 2549 la
1797 2509 1906 2549 date

211 2577 267 2616 de
290 2575 501 2615 l'arrivee
525 2573 553 2612 a
577 2573 755 2613 Chinon
780 2574 913 2612 etant
937 2573 1174 2611 douteuse.
1203 2571 1275 2611 On
1299 2583 1356 2610 ne
1379 2573 1494 2622 peut
1516 2582 1599 2621 pas
1618 2569 1713 2608 dire
1733 2569 1907 2608 davan-

214 2641 319 2687 tage
340 2634 378 2674 si
398 2635 483 2674 elle
505 2634 634 2679 dura,
659 2644 837 2672 comme
858 2633 898 2671 le
918 2635 1033 2671 veut
1051 2631 1204 2676 Rasin:
1229 2631 1333 2682 plus
1354 2630 1410 2670 de
1431 2630 1554 2669 deux
1574 2630 1751 2668 heures.

272 2706 310 2734 2.
333 2695 478 2733 Noter
496 2693 554 2732 ici
572 2705 734 2732 encore
753 2704 843 2731 une
861 2691 947 2731 fois
966 2692 1006 2730 le
1024 2690 1150 2731 souei
1169 2691 1226 2730 de
1242 2689 1383 2730 Basin
1402 2690 1458 2729 de
1477 2689 1590 2728 citer
1607 2700 1678 2728 ses
1697 2687 1908 2727 cautions

210 2767 328 2807 pour
347 2753 425 2793 des
444 2752 553 2793 faits
572 2752 923 2803 d'impor‘cance.

273 2825 312 2863 3.
347 2813 418 2852 On
450 2825 477 2851 a
506 2812 747 2863 beaucoup
778 2810 956 2850 discute
987 2822 1045 2849 au
1076 2809 1200 2861 sujet
1229 2809 1286 2848 de
1316 2821 1366 2848 ce
1398 2824 1413 2843 «
1442 2808 1568 2859 signe
1599 2822 1615 2843 »
1644 2819 1730 2859 par
1758 2806 1908 2857 lequel

216 2874 393 2925 Jeanne
421 2871 561 2912 d'Arc
589 2871 808 2922 s'imposa
834 2869 1236 2909 immediatement
1262 2890 1321 2896 —-
1348 2867 1461 2907 c’est
1488 2867 1532 2906 la
1560 2879 1623 2906 un
1651 2866 1738 2906 fait
1765 2864 1905 2916 qu'on

216 2946 270 2972 ne
291 2931 468 2972 saurait
488 2931 714 2982 revoquer
734 2943 790 2969 en
812 2930 953 2969 doute
973 2951 1032 2956 -—-
1052 2927 1079 2968 a
1099 2929 1144 2968 la
1164 2928 1401 2967 confianee
1422 2927 1478 2966 de
1499 2927 1684 2966 Charles
1705 2924 1811 2964 VII.
1835 2925 1907 2963 En
