2071 3302
186 214 248 255 26
530 224 602 254 DE
638 224 976 255 SUEssmNUM
1014 225 1344 257 DIREPrroNE
1383 214 1544 270 (1414)

255 338 426 386 Erant
453 337 568 402 ejus
593 338 694 387 loci
720 338 861 388 cives
886 339 1026 387 inter
1051 344 1253 389 ceteros
1279 340 1472 388 famati
1497 340 1734 404 partium
1756 342 1889 390 Bur-

185 415 518 479 gundionum
548 413 873 466 tenacissimi
902 417 1202 467 defensores
1231 423 1285 466 et
1314 418 1369 467 in
1398 434 1496 467 sua
1524 417 1745 468 civitate
1773 435 1888 468 mu-

185 493 449 543 nicionem
511 499 842 543 armatorum
904 495 968 543 de
1027 496 1500 560 Burgundionibus
1560 501 1884 561 receperant.

187 571 320 621 Cum
365 577 547 622 autem
591 572 788 621 milicia
833 578 1163 622 armatorum
1207 574 1472 638 regiorum
1515 575 1689 623 multa
1731 574 1890 624 nimis

186 655 363 699 castra
392 650 531 700 circa
560 652 805 700 eamdem
835 651 1114 701 civitatem
1144 668 1237 716 per
1267 652 1472 717 aliquot
1504 652 1615 702 dies
1644 653 1886 711 locasset,

185 733 493 777 statuerunt
536 729 773 787 tandem,
819 730 1049 794 diruptis
1090 730 1287 780 ictibus
1329 731 1683 795 petrariarum
1724 731 1888 780 meni-

184 806 300 864 bus,
338 806 577 856 turribus
611 812 664 856 et
699 808 1113 872 propugnaculis
1158 809 1227 857 ad
1269 809 1628 858 municionem
1661 809 1760 858 loci
1797 809 1888 874 pa-

184 884 330 943 ratis,
371 900 490 933 eam
526 885 730 935 Viribus
767 903 1090 951 oppugnare.
1133 887 1307 951 Quam
1343 903 1455 936 rem
1492 887 1623 936 totis
1660 887 1888 952 aggressi

184 962 387 1012 viribus
424 969 587 1028 atque
623 965 921 1023 conatibus,
961 970 1014 1014 et
1051 965 1208 1014 simul
1243 966 1548 1030 eisdemque
1583 965 1886 1023 momentis,

183 1041 238 1089 in
272 1041 433 1091 variis
467 1047 521 1090 et
557 1042 778 1092 diversis
812 1044 1056 1107 partibus
1091 1044 1343 1102 civitatis,
1380 1045 1522 1093 vallo
1557 1049 1610 1093 et
1644 1043 1890 1092 menibus

184 1120 463 1184 superatis,
499 1136 617 1169 eam
649 1121 704 1169 vi
736 1126 789 1169 et
823 1122 983 1171 armis
1015 1128 1408 1186 expugnarunt,
1445 1122 1574 1171 cesis
1607 1128 1725 1171 tum
1754 1122 1887 1170 Bur-

182 1197 542 1262 gundionibus
575 1204 628 1247 et
662 1199 945 1249 trucidatis
978 1200 1184 1249 civibus
1216 1201 1418 1264 majore
1463 1216 1529 1248 ex
1569 1205 1737 1265 parte,
1774 1199 1890 1248 aliis

182 1276 237 1323 in
278 1276 655 1340 captivitatem
696 1278 959 1328 abductis.
1003 1279 1144 1328 Urbs
1184 1279 1367 1343 itaque
1408 1279 1523 1343 ipsa
1563 1284 1688 1327 ante
1731 1278 1890 1342 longa

182 1359 324 1403 retro
347 1359 492 1403 etate
514 1355 706 1405 nobilis
729 1362 892 1420 atque
915 1357 1333 1421 opulentissima,
1359 1357 1413 1405 in
1435 1357 1618 1406 multis
1641 1357 1748 1406 suis
1769 1372 1887 1420 par·

183 1432 329 1481 tibus
359 1441 699 1483 concremata
728 1441 781 1483 et
812 1435 866 1483 in
897 1441 1076 1484 totum
1107 1436 1317 1500 direpta
1346 1441 1399 1484 et
1431 1436 1800 1493 dehonestata,
1833 1434 1887 1482 in

182 1511 404 1574 predam
431 1511 692 1561 militibus
720 1513 892 1562 cessit.
925 1514 1028 1563 Sed
1055 1529 1150 1562 nec
1179 1514 1278 1562 Dei
1306 1514 1535 1563 sacraria
1563 1518 1725 1577 atque
1753 1517 1886 1561 tem-

183 1589 272 1653 pla
310 1595 362 1638 et
405 1590 735 1640 nobilissima
765 1592 1090 1641 monasteria
1119 1593 1505 1641 monachorum
1536 1598 1698 1656 atque
1730 1590 1886 1655 virgi-

182 1683 328 1725 num,
358 1685 460 1732 que
497 1669 601 1717 illic
630 1670 1161 1734 magnificentissima
1193 1670 1547 1728 extiterunt⁶1‚
1589 1670 1734 1719 furor
1766 1670 1885 1717 hos-

184 1746 291 1795 tilis
322 1746 529 1796 intacta
559 1748 772 1812 reliquit
786 1748 820 1797 ¹¹².
856 1749 1094 1797 Fuerunt
1126 1749 1268 1797 enim
1293 1749 1446 1798 bonis
1480 1764 1613 1813 pene
1645 1754 1697 1796 et
1733 1764 1885 1796 orna-

182 1825 378 1873 mentis
409 1826 656 1875 omnibus
687 1827 916 1890 spoliata
946 1833 1109 1891 atque
1139 1828 1361 1885 nudata,
1395 1827 1473 1875 ita
1502 1832 1562 1875 ut
1592 1842 1688 1874 nec
1719 1826 1887 1874 thecis

182 1902 353 1952 aureis
385 1909 547 1968 atque
580 1905 857 1969 argenteis,
893 1905 1086 1969 quibus
1117 1910 1425 1954 sanctorum
1461 1910 1793 1969 martyrum‘'
1825 1920 1885 1952 ac

182 1980 544 2031 confessorum
581 1983 655 2031 ibi
690 1984 1032 2033 devotissime
1070 1984 1287 2048 reliquie
1320 2000 1380 2033 ac
1415 1989 1532 2032 toto
1568 1984 1693 2032 orbe
1728 1998 1884 2031 vene-

181 2060 346 2108 rande
383 2061 798 2109 asservabantur
834 2068 886 2110 et
932 2063 1266 2126 tegebantur,
1306 2061 1612 2126 parcitum‘l
1646 2061 1714 2110 sit
1736 2077 1746 2119 ;
1791 2061 1885 2110 sed

182 2137 438 2202 quicquid
466 2139 534 2187 ad
561 2155 783 2188 manum
810 2140 988 2188 venire
1017 2140 1195 2204 potuit
1224 2141 1278 2188 in
1306 2141 1550 2205 rapinam
1578 2145 1740 2204 atque
1769 2155 1883 2203 pre-

182 2216 308 2264 dam
345 2216 715 2266 miserabiliter
753 2218 959 2267 abierit.
1002 2219 1248 2283 Quantus
1286 2235 1411 2267 vero
1450 2219 1647 2268 abusus
1684 2223 1882 2266 matro-

180 2310 372 2343 narum
400 2311 460 2343 ac
487 2295 769 2359 virginum,
800 2303 1000 2360 quante
1029 2297 1299 2355 violencie,
1330 2302 1536 2361 quanta
1562 2296 1792 2346 ludibria
1818 2296 1883 2344 de

181 2372 308 2436 ipsis
332 2373 436 2422 illic
459 2374 647 2422 habita
672 2374 794 2432 sint,
822 2380 874 2424 et
900 2375 1097 2439 ubique
1128 2375 1181 2423 in
1213 2376 1461 2424 omnibus
1496 2376 1659 2424 ferme
1695 2375 1882 2424 civita·

182 2450 327 2500 tibus
363 2452 509 2516 regni
545 2453 614 2500 ad
650 2469 784 2516 quas
819 2454 1101 2502 scortande
1142 2460 1195 2502 et
1240 2454 1609 2517 prostituende
1650 2454 1881 2502 abducte

181 2534 306 2577 sunt
324 2537 356 2587 Γ,
394 2530 512 2595 quis
544 2547 757 2579 narrare
792 2531 1049 2580 sufficiat?
1090 2532 1252 2579 Plena
1285 2537 1399 2580 erat
1434 2532 1497 2580 de
1531 2532 1657 2596 ipsis
1690 2532 1882 2581 civitas

184 2608 506 2666 Parisiensis,
541 2610 698 2673 plena
728 2609 1142 2674 circumquaque
1171 2610 1347 2674 opida,
1381 2610 1537 2674 plena
1568 2610 1880 2658 militarium

182 2691 373 2744 castra,
402 2686 480 2734 ita
506 2692 566 2735 ut
594 2703 684 2736 sue
712 2688 1035 2737 calamitatis
1059 2693 1111 2736 et
1138 2688 1344 2737 miserie
1371 2693 1489 2736 tota
1515 2688 1712 2752 ubique
1738 2688 1880 2752 regia

184 2764 335 2813 testis
356 2771 492 2814 esset
510 2765 543 2814 1.

250 2844 321 2891 Et
355 2844 518 2891 talem
550 2843 766 2908 quidem
799 2845 1011 2909 plagam
1044 2845 1132 2893 illa
1163 2845 1354 2894 nobilis
1386 2850 1439 2893 et
1472 2845 1696 2910 antiqua
1728 2845 1878 2894 Sues-

243 3011 282 3036 a.
308 2998 562 3037 extiterant
585 3000 637 3038 P.
660 3022 718 3026 ——
744 3001 780 3039 b.
804 3000 1052 3052 reliquerat
1073 3001 1124 3040 P.
1144 3023 1202 3028 —-
1219 3013 1252 3039 c,
1280 3001 1479 3054 M'anque
1504 3014 1556 3040 en
1582 3002 1634 3040 P.
1654 3024 1713 3029 ——
1731 3001 1771 3040 d.
1796 3002 1879 3040 Le-
