2071 3302
181 222 275 264 266
431 232 504 263 DE
539 231 836 264 PONTISARA
870 233 904 264 A
941 233 1164 266 FRANCIS
1201 234 1428 266 OBSESSA
1468 224 1628 282 (1441)

178 346 249 395 ad
272 346 373 395 hoc
397 346 753 414 intendissent
775 362 785 405 ;
814 347 906 396 sed
930 363 1052 396 cum
1076 363 1184 397 non
1206 348 1338 397 satis
1362 349 1599 399 studiose
1623 349 1713 399 ida
1734 366 1882 400 cura-

178 432 297 476 tum
331 427 535 486 fuisset,
573 428 903 478 transmisitb
943 429 1142 478 flumen
1176 434 1326 479 totus
1359 430 1655 495 Anglorum
1687 431 1883 481 exerci-

177 514 282 559 tus.
311 509 424 574 Que
448 525 530 559 res
554 525 677 559 cum
702 510 771 559 ad
797 510 984 559 Karoli
1005 510 1141 575 regis
1164 511 1422 560 noticiam
1445 513 1764 577 perveniret,
1791 513 1884 578 qui

176 591 491 640 validiorem
513 607 732 641 suarum
753 591 1029 656 copiarum
1038 600 1058 620 ⁶
1080 598 1291 658 partem
1313 610 1380 643 ex
1406 594 1511 643 alia
1531 599 1685 660 parte
1711 595 1883 644 flumi-

177 673 259 723 nis
301 673 555 731 habebat,
602 672 820 722 dimisso
870 674 1196 724 monasterio
1247 675 1587 725 dominarum
1638 677 1702 726 de
1740 676 1883 726 Malo

179 752 337 802 Rubo
362 768 455 802 seu
479 753 658 801 Dumo
694 752 749 801 in
782 770 888 818 quo
912 754 1098 804 multis
1122 759 1348 805 steterat
1374 756 1577 816 diebus,
1605 757 1675 806 ad
1697 757 1883 806 villam

177 834 471 884 Pissiacum
485 835 521 893 1,
553 839 703 885 trans
732 835 1007 894 Secanam‚
1038 836 1132 885 ubi
1160 837 1330 886 eciam
1357 843 1437 888 est
1466 839 1883 903 magnificentis-

176 916 371 966 simum
403 916 768 981 religiosarum
800 918 1186 967 monasterium
1202 919 1236 978 2,
1273 936 1326 969 se
1359 920 1575 985 recepit,
1612 921 1884 971 declinans

176 997 445 1062 sapienter
471 998 611 1047 illius
638 998 933 1063 Anglorum
961 1000 1225 1049 exercitus
1253 1017 1548 1051 occursum.
1580 1001 1673 1051 Sui
1700 1006 1883 1051 tamen

176 1079 337 1129 duces
365 1085 418 1128 et
448 1080 770 1138 LudoviCUS‚
805 1081 945 1130 filius
973 1081 1104 1145 ejus,
1137 1082 1206 1131 ab
1235 1083 1526 1133 obsidionis
1555 1100 1647 1133 sue
1676 1084 1881 1143 castriS,

176 1177 279 1226 que
313 1161 368 1209 in
401 1162 727 1211 monasterio
762 1162 947 1212 Sancti
980 1163 1214 1222 Martini,
1251 1169 1313 1213 ut
1348 1165 1597 1224 diximus,
1634 1170 1884 1230 potenter

175 1242 333 1292 valde
358 1243 755 1302 muniverantd,
784 1244 1003 1293 minime
1027 1245 1398 1305 discesserunt,
1427 1247 1519 1296 sed
1548 1247 1601 1296 in
1635 1247 1710 1297 eis
1734 1263 1881 1298 cons-

177 1329 356 1374 tanter
378 1326 782 1390 perdurarunte.
810 1326 944 1375 Cum
963 1343 1090 1376 vero
1117 1327 1229 1376 dux
1254 1328 1484 1377 Eboraci
1505 1344 1627 1378 cum
1645 1328 1753 1378 suis
1774 1330 1880 1378 An-

174 1406 288 1471 glis‚
318 1407 411 1471 qui
435 1423 631 1473 magno
657 1413 811 1457 erant
837 1424 1075 1467 numer0‚
1111 1425 1264 1474 agros
1290 1410 1406 1460 illos
1432 1410 1654 1460 Francie
1682 1410 1881 1460 circum

177 1488 444 1538 Parisiusf
471 1489 659 1539 fuisset
688 1495 1051 1554 pervagatus&
1086 1507 1184 1540 nec
1219 1490 1329 1540 ibi'²
1364 1507 1634 1541 annonam
1665 1496 1760 1541 aut
1797 1508 1880 1541 co-

176 1570 342 1629 lonos,
374 1571 477 1621 nisi
505 1571 817 1630 rarissimos,
857 1571 1095 1621 invenire
1125 1578 1321 1638 posset,
1369 1578 1590 1638 urgente
1634 1574 1776 1623 fame
1820 1590 1882 1623 ac

177 1652 415 1716 penuria,
460 1653 625 1701 infra‘
660 1653 1009 1718 paucissimos
1046 1654 1157 1703 dies
1191 1660 1410 1704 coactus
1443 1660 1523 1704 est
1553 1655 1665 1704 sine
1701 1656 1881 1705 fructu

175 1733 421 1783 inefficax
444 1734 642 1784 reverti
668 1735 1086 1800 Rothomagum.
1115 1736 1293 1785 Tanta
1317 1742 1500 1786 autem
1523 1737 1681 1786 famis
1703 1753 1880 1786 neces-

176 1815 336 1865 sitate
369 1820 484 1864 tam
525 1816 768 1865 homines
810 1833 974 1881 quam
1011 1833 1195 1866 eorum
1233 1818 1555 1876 evecciones‚
1600 1835 1693 1868 seu
1738 1819 1876 1883 equi,

175 1897 452 1947 constricti
506 1898 772 1956 fuerunt&
816 1915 950 1963 quos
998 1899 1052 1947 in
1105 1899 1196 1948 illa
1243 1900 1587 1964 expedicione
1632 1901 1877 1959 duxerat,

174 1983 236 2028 ut
257 1979 410 2028 facile
429 1980 498 2028 ad
516 1981 701 2030 vultus
723 1981 1003 2029 hominum
1026 1981 1359 2046 maciemque
1381 1998 1641 2047 equorum
1663 1970 1881 2047 'agnosci

173 2060 507 2126 judicarique
540 2067 773 2126 possent,
805 2062 898 2126 qui
921 2062 1151 2112 Ysaram
1176 2080 1272 2128 pro
1299 2064 1566 2113 tutamine
1602 2064 1880 2113 Pontisare

174 2142 564 2202 transivissent‚
589 2143 857 2208 vulgoque
877 2145 941 2193 de
960 2144 1088 2209 ipsis
1109 2161 1140 2193 a
1160 2145 1313 2210 plebe
1334 2146 1662 2195 Normannie
1684 2146 1878 2195 dicere-

175 2229 264 2272 tur
288 2239 296 2272 :
322 2243 342 2268 «
363 2224 465 2273 Hic
486 2225 589 2274 fert
610 2225 826 2274 vultum
848 2226 1125 2276 Pontisare
1140 2227 1174 2276 3.
1203 2246 1222 2272 »

243 2306 426 2355 Unum
472 2312 654 2355 tamen
669 2306 692 2336 '⁸'
737 2307 952 2357 silencio
997 2308 1373 2373 negligendum
1410 2325 1517 2358 non
1566 2314 1663 2367 est,
1713 2310 1876 2374 quod,

175 2386 327 2436 duml
363 2404 430 2437 ex
453 2388 736 2438 Pontisara
757 2389 933 2439 dictus
962 2390 1192 2439 Eboraci
1218 2390 1329 2439 dux
1355 2396 1726 2450 reverteretur,
1755 2407 1877 2456 pru-

174 2469 483 2518 dentissime
520 2485 551 2518 a
585 2471 780 2519 comite
810 2471 1234 2521 Cherosberiensi
1270 2472 1704 2522 animadversum
1739 2473 1875 2532 fuit;

174 2550 327 2614 cujus
351 2551 630 2600 consilium
656 2551 699 2601 si
724 2552 836 2616 ipse
863 2553 974 2601 dux
1000 2553 1230 2602 Eboraci
1256 2554 1608 2613 observasset,
1636 2554 1878 2619 profecto

173 2632 531 2682 verisimiliter
559 2633 790 2683 Karolus
817 2650 910 2683 rex
937 2635 1005 2682 ad
1031 2650 1223 2684 manus
1250 2635 1415 2699 ipsius
1438 2637 1640 2686 domini
1668 2638 1732 2686 de
1758 2638 1804 2687 T
1803 2638 1877 2688 al-

178 2713 256 2763 bot
288 2719 382 2763 aut
424 2730 547 2764 suas
584 2715 901 2765 devenisset.
940 2715 1153 2766 Sciebat
1187 2716 1451 2781 siquidem
1491 2719 1667 2783 ipsum
1699 2735 1877 2784 regem

174 2795 319 2860 apud
353 2795 646 2845 Pissiacum
679 2802 809 2846 tunc
842 2798 1038 2847 habere
1070 2798 1369 2863 hospicium
1403 2815 1525 2849 cum
1558 2816 1727 2866 parva
1756 2817 1876 2850 suo-

234 2965 276 2993 α.
300 2952 428 2991 Dans
457 2951 740 3004 l'interligne,
769 2953 818 2992 de
844 2952 888 2991 la
915 2951 1038 2992 main
1061 2953 1110 2991 de
1137 2951 1338 2997 l'auteur,
1365 2964 1417 2990 en
1449 2951 1497 2990 G.
1528 2975 1581 2980 —-
1613 2951 1651 2992 b.
1674 2952 1803 2991 Dans
1825 2951 1871 2991 la
