2071 3302
664 414 669 415 ⁷
742 413 1157 464 CAPITULUM
1196 413 1327 463 XVI
1390 449 1396 454 -

515 541 964 591 CONDEMPNACIO
1002 540 1274 603 JOHANNE
1314 539 1557 598 Panis,

292 638 404 685 QUE
443 637 578 673 IGNE
617 635 879 672 CREMATA
915 634 1142 670 EXTITIT
1177 634 1329 670 APUD
1368 621 1778 671 ROTHOMAGUM

255 765 388 814 Cum
420 769 602 814 autem
634 763 703 812 ad
733 762 937 828 judices
967 778 1030 811 ea
1059 777 1140 811 res
1170 762 1378 827 perlata
1407 761 1609 820 fuisset,
1643 762 1759 827 ipsa
1788 762 1886 811 ite-

184 863 304 896 rum
341 847 410 896 ad
445 845 704 911 judicium
741 844 950 910 publice
987 844 1242 902 exhibita,
1282 848 1545 909 tanquam
1580 843 1634 892 in
1672 844 1884 908 abjura-

185 934 300 978 tam
335 928 561 977 heresim
596 927 804 991 relapsa
839 926 1080 991 judicata
1116 925 1297 975 extitit
1335 930 1388 974 et
1425 926 1624 984 relicta,
1654 930 1715 975 ut
1743 926 1882 984 talis,

185 1010 403 1060 brachio
428 1009 676 1059 secularis
699 1008 986 1074 potestatis
1001 1008 1035 1057 1.

254 1093 428 1158 Quam
473 1091 612 1140 illico
657 1091 924 1155 rapientes
969 1094 1277 1139 executores
1322 1093 1546 1154 totaque
1591 1089 1886 1154 Anglorum

184 1190 390 1232 manus,
421 1173 514 1238 qui
540 1173 594 1221 in
620 1188 816 1237 magno
842 1186 1063 1220 numero
1090 1187 1212 1220 cum
1240 1171 1471 1220 Henrico
1497 1186 1616 1236 rege
1643 1186 1738 1220 suo
1766 1175 1885 1220 tum

184 1260 336 1305 erant
377 1254 718 1320 Rothomagi‚
761 1258 1038 1319 spectante
1076 1253 1356 1302 innumera
1392 1269 1526 1317 pene
1564 1253 1884 1317 populorum

184 1337 546 1395 multitudine,
573 1341 688 1385 tam
712 1337 776 1385 de
800 1335 1021 1384 civitate
1044 1334 1160 1400 ipsa
1183 1351 1347 1400 quam
1371 1335 1435 1383 de
1459 1334 1596 1400 agris
1619 1339 1673 1384 et
1696 1333 1885 1384 vicinis

185 1419 356 1485 opidis
410 1420 554 1484 (nam
603 1417 818 1483 plurimi
867 1417 1028 1466 velud
1078 1417 1147 1466 ad
1196 1416 1561 1482 spectaculum
1610 1416 1884 1481 publicum

184 1506 467 1567 propterea
490 1501 558 1550 ad
581 1500 805 1549 eandem
828 1500 1015 1549 urbem
1039 1499 1449 1564 confluxerant),
1475 1498 1591 1564 ipsa
1613 1499 1880 1563 Johanna,

184 1585 359 1633 Deum
388 1598 594 1647 semper
619 1582 874 1631 invocans
900 1580 1272 1630 auxiliatorem
1297 1585 1350 1629 et
1374 1580 1658 1645 gloriosam
1681 1579 1885 1630 domini

183 1665 352 1715 nostri
384 1665 552 1730 Jhesu
585 1663 779 1713 Christi
813 1662 1138 1728 genitricem,
1174 1662 1293 1727 igne
1328 1666 1649 1727 consumpta
1681 1661 1883 1711 extinc-

184 1752 347 1812 taque
392 1746 574 1796 extitit
592 1747 625 1796 2.
667 1745 885 1795 Collecti
930 1745 1098 1794 eciam
1134 1744 1351 1793 fuerunt
1389 1743 1622 1793 universi
1666 1743 1882 1802 cinereS‚

184 1845 319 1895 quos
354 1829 459 1877 illic
499 1827 633 1893 ignis
669 1832 784 1876 tam
822 1827 886 1876 de
924 1826 1079 1891 lignis
1116 1841 1280 1891 quam
1317 1826 1418 1875 dea
1461 1825 1625 1891 ipsius
1666 1841 1882 1890 corpore

184 1916 238 1960 et
265 1910 471 1960 ossibus
495 1910 798 1975 reliquerat,
823 1914 877 1958 et
903 1909 967 1958 de
994 1912 1158 1973 ponte
1185 1907 1239 1956 in
1265 1909 1523 1958 Secanam
1549 1907 1791 1972 projecti,
1816 1922 1882 1955 ne

184 1993 315 2058 quid
340 1992 684 2058 reliquiarum
712 1991 952 2056 ejusdem
979 1989 1160 2055 aliqua
1186 1995 1365 2054 posset
1393 1989 1604 2039 forsanb
1631 1989 1881 2054 supersti-

184 2071 332 2121 cione
362 2072 478 2121 tolli
511 2076 564 2120 et
599 2070 813 2121 servari.
844 2071 916 2119 Et
950 2070 1073 2119 talis
1102 2069 1318 2134 quidem
1350 2069 1470 2119 finis
1495 2070 1663 2134 hujus
1691 2069 1881 2119 transi-

184 2154 317 2204 torie
342 2154 454 2203 vite
480 2154 727 2218 Johanne
752 2152 870 2202 fuit.

251 2235 578 2300 Expectabit
606 2235 744 2283 forte
772 2234 934 2298 hujus
964 2232 1201 2298 hystorie
1231 2233 1397 2282 lector
1424 2238 1668 2282 nostrum
1695 2233 1760 2281 de
1785 2233 1882 2281 hu-

183 2317 269 2381 jus
295 2317 468 2381 puelle
494 2316 656 2381 gestis
683 2315 959 2381 judicium,
986 2315 1050 2364 de
1074 2330 1182 2379 qua
1210 2330 1303 2379 per
1330 2330 1542 2363 omnem
1565 2313 1792 2363 Galliam
1820 2329 1883 2362 ea

185 2403 507 2463 tempestate
538 2397 867 2447 celiberrima
895 2397 1042 2446 fama
1071 2396 1190 2445 fuit.
1217 2396 1329 2446 Nos
1351 2412 1493 2454 ver0,
1520 2395 1657 2445 sicut
1685 2400 1881 2444 temere

185 2496 412 2530 asserere
433 2470 548 2528 'non
578 2479 932 2544 presumimus
955 2478 1100 2543 quod
1129 2477 1494 2542 appariciones
1521 2482 1574 2526 et
1599 2476 1880 2526 revelacio-

184 2577 292 2619 nes,
315 2577 449 2626 quas
474 2561 722 2610 habuisse
747 2560 940 2617 aiebat,
967 2575 998 2608 a
1020 2560 1133 2608 Deo
1156 2559 1370 2616 fuerint,
1393 2558 1485 2623 qui
1505 2559 1769 2608 missionis
1789 2575 1880 2608 sue

185 2643 334 2708 signa
376 2644 504 2708 (que
547 2641 643 2692 soli
682 2642 876 2691 dicitur
914 2641 1022 2705 regi
1063 2641 1263 2689 Karolo
1304 2640 1622 2705 detexissec)
1663 2640 1880 2689 minime

185 2725 515 2790 agnovimus,
543 2724 622 2773 ita
651 2724 910 2773 audenter
937 2722 1161 2772 dicimus
1188 2727 1240 2771 et
1272 2723 1597 2771 affirmamus
1625 2722 1785 2787 quod,
1815 2738 1881 2771 ex

244 2906 284 2932 α.
312 2893 368 2931 M
371 2904 512 2943 amque
534 2903 587 2930 en
610 2891 663 2932 P.
686 2911 745 2918 —
769 2890 807 2931 b.
835 2889 990 2929 forsan
1012 2891 1167 2941 posset
1189 2888 1244 2929 P.
1266 2909 1327 2916 —
1346 2901 1380 2928 c.
1405 2888 1573 2927 dixisse
1595 2888 1648 2927 P.
