2071 3302
195 221 256 264 94
331 218 594 262 QUOMODO
629 219 843 251 HOSTEM
879 218 1074 251 ITALICI
1110 218 1338 261 EQUITES
1373 217 1699 249 INVASERINT

199 333 417 392 debant,
465 333 557 383 sed
601 333 671 382 ad
719 332 1053 398 preliandum
1098 348 1220 382 suas
1265 331 1402 381 acies
1447 330 1784 389 ordinabant,
1832 347 1898 379 ex

199 415 352 465 terris
386 429 489 480 que
523 414 623 465 sibi
657 414 918 480 parebant
952 414 1188 480 undique
1230 412 1394 478 copiis
1427 412 1742 478 auxiliisque
1776 428 1898 462 con-

200 496 403 547 tractis.
433 497 567 546 Erat
599 496 771 546 tocius
800 496 1091 561 imperator
1114 495 1376 545 exercitus
1403 494 1711 560 Anglorum,
1738 510 1898 560 quem

201 578 529 643 prediximus
562 578 873 628 Bethfordie
913 578 1039 636 dux,
1079 582 1304 642 patruus
1344 576 1638 641 Anglorum
1673 575 1808 641 regis
1843 582 1897 625 et

200 660 300 709 sub
339 675 401 709 eo
443 658 663 708 Francie
703 659 1043 723 gubernator.
1084 659 1255 707 Erant
1296 662 1349 706 et
1391 673 1570 706 secum
1605 657 1898 722 Anglorum

200 740 589 791 strennuissimi
619 741 779 790 duces
809 755 984 789 comes
1020 739 1441 790 Salisberiensis1
1471 744 1525 787 et
1556 738 1803 790 dominus
1833 740 1897 789 de

204 822 400 881 Talbot,
428 838 603 871 comes
631 823 696 872 de
722 822 1028 885 Cherosbery
1042 821 1077 880 2,
1105 821 1352 871 dominus
1379 820 1549 870 Scalas
1564 821 1599 879 3,
1631 837 1753 870 cum
1783 821 1896 886 plu-

200 904 346 954 ribus
375 905 491 954 aliis
519 904 805 954 comitibus
833 909 887 953 et
916 903 1221 970 proceribus
1250 903 1395 969 regni
1422 903 1626 968 Anglie.
1659 903 1899 969 Quorum

201 986 419 1052 quidem
451 985 643 1035 milicie
677 1002 928 1035 numerus
966 986 1036 1034 ad
1064 985 1270 1034 circiter
1303 999 1431 1034 XI111
1469 984 1630 1044 milia,
1671 986 1897 1034 Franco-

201 1085 321 1118 rum
358 1084 501 1127 ver0‚
542 1084 665 1118 cum
704 1068 874 1118 Scotis
913 1072 966 1116 et
1006 1067 1246 1125 Ytalicis,
1289 1067 1358 1116 ad
1395 1067 1548 1131 longe
1587 1067 1898 1132 ampliorem

202 1150 572 1200 estimabatur.

270 1231 456 1297 Igitur,
483 1247 605 1281 cum
634 1231 917 1296 prefinitus
950 1231 1194 1280 adesseta
1221 1230 1368 1280 dies4
1389 1246 1496 1296 quo
1529 1230 1597 1280 ad
1629 1234 1898 1280 certarnen

201 1312 648 1379 congrediendum
695 1317 825 1371 erat,
875 1312 1169 1377 Anglorum
1215 1311 1478 1361 exercitus
1525 1311 1579 1360 in
1638 1311 1775 1377 agris
1829 1312 1898 1360 ab

201 1394 360 1460 opido
384 1394 617 1444 Vernolii
646 1394 806 1459 paulo
833 1393 1009 1443 minus
1036 1393 1228 1442 miliari
1256 1393 1444 1457 gallico
1476 1393 1694 1443 remotis
1723 1398 1899 1443 castra

200 1476 414 1535 locavit,
442 1476 520 1525 ita
544 1481 605 1525 ut
637 1476 910 1541 perspicue
939 1492 970 1524 a
995 1475 1211 1524 Francis
1242 1475 1335 1540 qui
1366 1475 1420 1524 in
1453 1475 1612 1540 opido
1643 1480 1697 1524 et
1728 1475 1896 1524 eircab

201 1563 352 1608 erant
393 1558 716 1608 viderentur.
761 1558 951 1607 Franci
993 1562 1221 1616 autem⁶'‚
1258 1574 1410 1606 suam
1443 1557 1611 1606 eciam
1647 1557 1898 1606 miliciam

202 1640 361 1705 opido
393 1640 693 1698 educentes,
729 1638 784 1687 in
816 1638 1072 1703 proximis
1105 1638 1249 1703 opidi
1282 1638 1483 1703 campis
1515 1655 1732 1687 suorum
1763 1638 1896 1687 mili-

202 1728 320 1771 tum
342 1722 478 1770 acies
499 1721 829 1770 ordinarunt.
858 1720 1014 1786 Quod
1039 1736 1161 1769 cum
1184 1720 1445 1778 fecissent,
1471 1720 1741 1784 equitibus
1764 1721 1895 1770 Yta-

200 1803 300 1852 lisd
322 1802 744 1869 precedentibus
773 1803 1043 1867 pedestres
1070 1801 1218 1867 copie
1245 1818 1369 1851 cum
1394 1802 1590 1851 milicia
1617 1802 1897 1852 Scotorum

201 1885 417 1934 obviam
445 1883 678 1948 Anglicis
708 1884 921 1933 eosdem
946 1883 1153 1948 quiete&
1182 1884 1590 1949 expectantibus
1617 1885 1896 1949 procedere

202 1971 470 2032 ceperunt.

270 2049 632 2113 Irrumpentes
646 2047 829 2113 itaque
844 2047 1050 2112 equites
1066 2047 1264 2097 Ytalici
1278 2047 1332 2096 in
1346 2047 1640 2112 Anglorum
1653 2048 1896 2112 peditum

201 2131 337 2180 acies
365 2146 487 2179 cum
514 2129 819 2179 vehementi
846 2129 1076 2188 incurSU‚
1107 2130 1340 2178 multum
1368 2134 1543 2178 metus
1571 2134 1734 2194 atque
1761 2130 1894 2195 peri-

201 2213 304 2263 culi
328 2213 526 2262 eisdem
550 2212 899 2271 incusserunt,
927 2212 1268 2277 quamplures
1301 2227 1367 2260 ex
1401 2211 1528 2276 ipsis
1552 2227 1685 2276 quos
1710 2212 1896 2261 obvios

200 2294 447 2343 habuisse
479 2297 771 2358 potuerunt
805 2294 875 2343 ad
915 2298 1113 2342 terram
1153 2294 1587 2357 prosternentes-'⁰
1626 2298 1680 2342 et
1725 2293 1896 2343 tocius

200 2377 492 2441 Anglorum
521 2375 784 2425 exercitus
813 2375 950 2425 acies
978 2380 1337 2440 penetranteS,
1369 2390 1480 2424 sese
1508 2375 1634 2440 ipsis
1662 2375 1896 2440 Anglicis

204 2457 530 2506 findentibus
551 2462 612 2506 ut
635 2457 894 2507 transitus
914 2457 1041 2522 ipsis
1063 2457 1238 2506 Ytalis
1260 2457 1530 2522 equitibus
1551 2473 1673 2506 cum
1693 2457 1895 2506 minore

201 2555 382 2588 eorum
406 2539 726 2589 detrimento
749 2544 1092 2603 prestaretur.

269 2620 401 2669 Cum
441 2624 622 2668 autem
661 2620 739 2668 ita
777 2625 1144 2685 penetrassent
1183 2620 1478 2685 Anglorum
1517 2620 1669 2678 acies,
1712 2620 1896 2669 multis

200 2702 506 2750 eorumdem
549 2702 842 2766 Anglorum
885 2701 1166 2767 prostratis
1210 2702 1279 2751 ad
1322 2706 1537 2760 terram,
1584 2706 1637 2751 et
1682 2717 1895 2751 omnem

260 2868 300 2894 a.
322 2857 443 2893 esset
461 2852 629 2905 corrige'
648 2866 701 2893 en
721 2854 903 2893 adesset
922 2859 1006 2906 par
1023 2854 1225 2899 sautem,
1246 2865 1303 2894 en
1326 2855 1376 2894 G.
1396 2877 1455 2882 —
1479 2855 1516 2894 b.
1547 2867 1600 2894 eo
1620 2854 1740 2894 circa
1751 2855 1805 2894 P.
1836 2876 1895 2882 ——

200 2928 233 2953 c.
262 2916 422 2953 autem
445 2913 557 2952 dans
583 2913 867 2965 l'interlz'gaze,
895 2915 1129 2954 au-dessus
1157 2915 1207 2953 de
1233 2913 1377 2954 etiam
1401 2913 1652 2966 exponetud,
1677 2925 1731 2953 en
1761 2914 1812 2954 G.
1836 2937 1896 2944 —-

199 2976 240 3014 d.
266 2972 389 3012 italis
412 2972 646 3024 equitibus
672 2974 724 3012 P.
747 2995 807 3001 -
839 2986 874 3013 e.
900 2974 1086 3014 eosdem
1107 2985 1293 3026 quoque
1316 2974 1370 3014 P.
1393 2996 1452 3002 ——
1473 2973 1506 3023 f.
1531 2974 1589 3012 M
1590 2986 1731 3027 unque
1761 2987 1815 3014 en
1839 2975 1893 3016 P.
