2071 3302
203 227 295 282 278
539 238 611 269 DE
648 238 827 269 OPPIDI
863 238 1063 270 TARTAS
1099 238 1244 270 DICTI
1281 239 1572 270 OBSIDIONE

200 366 321 399 rum
347 351 645 416 dampnosa
662 352 877 416 extitit.
906 353 1006 401 Per
1030 352 1256 401 eandem
1288 352 1430 401 enim
1455 352 1734 402 civitatem
1765 353 1908 402 idem

199 432 249 481 F
250 432 427 497 loquat,
453 433 585 483 fines
606 449 729 483 suos
750 434 973 483 studens
993 449 1202 498 semper
1232 450 1527 499 propagare
1556 439 1610 484 et
1632 435 1905 499 ampliare,

200 514 372 578 paulo·
398 519 522 579 post
558 520 797 564 castrum
832 515 976 564 Novi
1007 515 1207 580 Burgi1
1243 515 1548 580 acquisivit,
1585 531 1783 581 magna
1817 516 1909 566 illa

199 594 640 660 circumjacencia
668 596 990 661 campestria
1018 601 1072 645 et
1101 613 1255 661 agros
1283 597 1490 662 opimos
1519 597 1716 647 dicioni
1743 598 1908 647 Fran—

200 691 384 724 corum
410 692 504 740 per
529 677 631 725 hoc
656 677 961 727 restituens,

269 757 526 821 Sequenti
555 762 739 807 autem
769 774 910 808 anno
926 759 961 818 2,
994 759 1323 809 Francorum
1353 759 1575 825 quidam
1605 760 1783 819 duces,
1815 760 1908 825 qui

200 838 269 887 ad
297 839 557 889 tutandos
583 839 875 904 Aquitanie
907 841 1038 890 fines
1066 845 1255 890 contra
1281 841 1482 906 Anglos
1509 841 1602 906 qui
1629 841 1684 890 in
1711 842 1906 892 Vasco—

197 919 288 968 nia
308 926 462 970 erant
489 926 544 971 et
575 921 681 971 illic
698 922 1073 987 Burdegalam‚
1094 923 1376 988 Bayonam
1397 928 1450 972 et
1471 923 1756 973 nonnullas
1777 923 1908 973 alias

198 1001 448 1052 civitates
483 1007 536 1052 et
573 1003 735 1067 opida
770 1005 1046 1063 tenebant,
1084 1004 1139 1053 in
1174 1005 1417 1069 presidiis
1453 1005 1700 1055 collocati
1733 1010 1905 1064 erant,

198 1083 531 1133 obsidionem
560 1090 854 1149 posuerunt
885 1086 954 1134 ad
983 1086 1205 1150 opidum
1235 1103 1328 1136 seu
1356 1087 1637 1136 castellum
1665 1086 1906 1136 nomina-

197 1169 317 1213 tum
349 1165 644 1230 vulgariter
679 1167 723 1214 T
725 1172 862 1216 artas
877 1167 913 1217 3.
951 1167 1302 1232 Quanquam⁰
1343 1184 1470 1217 vero
1504 1167 1714 1232 Anglici
1748 1169 1906 1218 anxie

196 1245 355 1296 nimis
388 1247 661 1311 perditum
693 1248 757 1297 iri
789 1248 970 1312 eisque
1004 1248 1200 1298 auferri
1232 1249 1410 1314 ipsum
1443 1249 1666 1314 opidum
1699 1251 1905 1315 conspi-

197 1332 377 1377 cerent
407 1333 461 1378 et
500 1329 646 1393 quod
675 1345 738 1378 ea
767 1346 849 1379 res
890 1330 944 1379 in
987 1330 1103 1380 aliis
1143 1331 1302 1380 rebus
1338 1331 1635 1395 majoribus
1668 1332 1907 1397 dampna

195 1409 554 1459 verisimiliter
585 1410 659 1460 eis
691 1417 829 1461 esset
862 1412 1108 1470 allatura,
1144 1417 1366 1477 pactum
1398 1418 1582 1462 tamen
1614 1413 1906 1463 dedicionis

196 1491 458 1556 compulsi
477 1492 735 1551 fecerunt,
758 1493 861 1543 nisi
882 1494 951 1543 ad
972 1498 1178 1543 certum
1199 1499 1253 1543 et
1273 1499 1546 1544 statutum
1567 1494 1709 1544 diem
1729 1495 1904 1545 obses-

196 1573 267 1623 sis
296 1590 606 1624 succursum
638 1576 938 1640 preberent.
965 1576 1114 1625 Infra
1135 1592 1301 1641 quam
1322 1576 1464 1625 diem
1487 1577 1720 1627 Karolus
1741 1577 1906 1626 Fran-

197 1671 381 1705 corum
423 1673 532 1715 rex,
578 1658 869 1708 contractis
911 1658 1149 1723 undique
1192 1658 1396 1708 viribus
1439 1663 1493 1708 et
1543 1659 1717 1710 tocius
1769 1676 1904 1725 pene

194 1737 342 1801 regni
382 1738 652 1788 nobilibus
693 1744 747 1788 et
788 1739 1051 1789 militibus
1093 1739 1361 1797 adunatis,
1407 1740 1560 1804 quasi
1601 1745 1739 1790 esset
1781 1757 1904 1790 cum

195 1818 491 1883 Anglorum
526 1819 735 1885 integra
770 1820 1020 1885 potencia
1055 1821 1423 1880 dimicaturus,
1461 1821 1516 1870 in
1551 1822 1904 1886 Aquitaniam

196 1916 350 1950 suam
395 1901 797 1965 expedicionem
854 1903 1100 1952 traduxit
1147 1907 1201 1952 et
1260 1907 1385 1952 ante
1443 1908 1715 1952 statutum
1761 1904 1903 1953 diem

193 1982 353 2046 juxta
390 1982 628 2047 opidum,
669 1989 960 2048 expectans
999 1985 1256 2034 audacter
1293 2000 1416 2034 cum
1453 1985 1639 2050 Anglis
1663 1972 1903 2050 vprelium

194 2068 359 2129 atque
399 2069 670 2114 certamen
709 2066 856 2124 inire,
900 2071 1077 2116 castra
1114 2072 1352 2117 metatus
1392 2072 1497 2117 est.·
1533 2067 1636 2117 Sed
1674 2068 1899 2132 Anglici,

193 2145 440 2195 videntes
461 2147 597 2211 regis
620 2147 1011 2197 validissimum
1034 2148 1344 2207 exercitum,
1372 2149 1441 2198 ad
1464 2148 1605 2198 diem
1629 2154 1683 2199 et
1705 2149 1899 2208 locum,

195 2227 260 2276 de
292 2227 400 2278 suis
432 2228 734 2279 diffidentes
765 2229 984 2289 viribus,
1020 2230 1238 2279 minime
1271 2230 1387 2280 ausi
1418 2235 1544 2280 sunt
1576 2246 1898 2296 comparere.

193 2309 317 2358 Non
338 2309 480 2358 enim
501 2315 631 2360 tunc
651 2305 706 2359 in
728 2312 881 2361 terris
902 2311 1003 2362 illis
1024 2316 1238 2361 tantam
1257 2328 1481 2362 manum
1499 2312 1735 2362 militum
1755 2317 1901 2363 tene-

193 2391 345 2450 bant,
371 2408 475 2456 que
498 2392 567 2441 ad
590 2409 724 2458 opus
748 2398 863 2442 tam
889 2394 1118 2443 arduum
1146 2398 1200 2443 et
1227 2394 1466 2444 difficileb
1497 2394 1762 2444 sufficiens
1788 2411 1900 2445 esse

193 2478 390 2537 posset.
434 2471 597 2524 'Unde
645 2475 845 2525 obsessi
893 2475 1225 2525 dedicionem
1273 2475 1594 2535 absolutam,
1645 2492 1706 2526 eo
1754 2477 1900 2541 quod

192 2553 412 2603 minime
443 2556 675 2619 protecti
705 2556 946 2615 fuissent,
982 2557 1154 2606 facere
1186 2557 1358 2606 coacti
1390 2562 1516 2607 sunt
1554 2562 1608 2606 et
1651 2557 1706 2606 in
1738 2557 1898 2607 dicio-

192 2651 317 2684 nem
355 2636 542 2686 Karoli
576 2637 904 2688 transierunt
941 2654 1064 2688 cum
1098 2639 1367 2688 nonnullis
1404 2638 1634 2689 castellis
1670 2639 1786 2690 aliis
1820 2639 1899 2689 vi-

197 2716 328 2767 cinis
341 2717 378 2768 4.

255 2881 295 2906 α.
319 2868 448 2907 Dans
473 2869 516 2908 la
541 2882 703 2920 marga,
733 2871 781 2909 de
815 2871 857 2909 la
882 2870 1007 2910 main
1034 2872 1083 2909 de
1117 2871 1321 2916 l’auteur,
1350 2883 1403 2910 en
1435 2870 1486 2911 G.
1510 2891 1571 2899 —
1604 2871 1642 2910 b.
1671 2871 1751 2910 Ces
1783 2871 1898 2910 deux

196 2931 306 2966 mots
324 2932 562 2980 manquent
578 2942 631 2968 en
650 2931 703 2969 P.
