2071 3302
189 237 247 268 22
285 237 358 268 DE
387 237 808 269 ARMINIACORUM
839 238 950 270 CUM
981 238 1471 271 BURGUNDIONIBUS
1501 240 1797 274 CONFLICTU

191 351 302 400 dux
338 355 502 416 atque
538 351 783 417 princeps
818 352 1009 402 milicie
1045 353 1200 417 regie,
1239 369 1400 418 quem
1436 355 1893 406 constabularium

190 433 351 497 vulgo
376 434 667 498 appellant,
695 438 809 483 erat
835 450 1011 484 comes
1034 434 1326 484 Arminiaci
1341 435 1375 495 1,
1403 435 1497 500 qui
1520 437 1585 485 de
1610 437 1763 487 terris
1787 438 1895 488 suis

190 518 243 563 et
286 514 350 563 de
391 515 656 564 Vasconia
694 531 947 580 magnam
988 522 1300 581 aggregarat
1340 517 1609 577 miliciam,
1649 519 1893 584 Burgun-

191 595 374 646 diones
431 612 614 646 omnes
672 597 892 647 adverse
950 597 1215 657 factioniS‚
1276 598 1660 664 cujuscumque
1717 605 1894 651 status

191 682 354 742 atque
384 677 583 727 ordinis
612 683 804 737 essent,
835 679 1169 729 Arminiacos
1198 680 1352 744 quasi
1380 681 1632 745 probrose
1661 683 1894 747 appella-

189 764 400 818 verunt,
440 760 670 819 eosdem,
709 760 832 809 licet
870 761 970 810 sub
1006 761 1150 826 regia
1186 761 1449 826 dignitate
1486 767 1650 828 atque
1686 763 1741 812 in
1778 764 1896 828 ejus

191 841 536 890 obedienciaa
557 846 852 901 manerent,
877 842 1106 892 Gallicos
1127 859 1219 893 seu
1241 844 1473 894 Francos
1493 845 1768 895 nominare
1786 861 1894 896 non

191 922 489 986 dignantes.
520 923 710 973 Videre
739 929 853 973 erat
881 929 1011 974 tunc
1038 941 1214 974 rerum
1242 926 1433 975 faciem
1461 931 1514 975 et
1542 931 1748 977 statum
1775 933 1894 978 toto

189 1020 350 1069 regno
389 1005 761 1054 miserabiliter
799 1007 1096 1065 turbatos‘’‚
1139 1007 1387 1057 civitates
1427 1009 1712 1059 adversum
1724 1020 1744 1040 ⁶·
1783 1026 1894 1060 sese

189 1086 419 1135 invicem
447 1102 597 1136 arma
623 1103 826 1152 capere,
857 1088 1228 1138 tumultuared
1253 1090 1307 1138 in
1335 1106 1443 1139 una
1466 1090 1703 1150 civitate,
1733 1092 1893 1156 opido

190 1182 282 1215 seu
307 1167 450 1226 villa,
478 1167 682 1218 vicinos
707 1174 896 1218 contra
919 1169 1138 1228 vicinos,
1166 1170 1331 1219 immo
1356 1171 1410 1219 in
1436 1172 1623 1221 eadem
1649 1172 1808 1221 domo
1834 1189 1895 1222 ac

191 1248 395 1298 familia
412 1249 604 1299 fratres
623 1250 939 1300 adversum&
958 1251 1150 1301 fratres
1179 1257 1232 1301 et
1262 1253 1397 1302 filios
1426 1258 1614 1303 contra
1647 1259 1897 1319 parentes

190 1335 243 1379 et
274 1331 389 1380 vice
427 1348 582 1381 versa
621 1332 806 1391 sevire,
840 1333 1047 1397 probris
1077 1339 1131 1382 et
1162 1335 1498 1385 contumeliis
1528 1351 1640 1385 sese
1670 1337 1893 1396 afficere,

191 1412 306 1464 aliis
347 1414 417 1463 ad
466 1414 596 1466 alios
644 1415 730 1465 Vel
774 1415 1171 1481 Burgundionis
1223 1432 1418 1466 nomen
1466 1418 1553 1466 vel
1593 1418 1896 1467 Armeniaci

190 1500 641 1569 exprobrantibus
672 1504 725 1553 et
757 1518 852 1568 pro
882 1499 1121 1552 maxima
1150 1499 1347 1567 injuria
1378 1505 1541 1567 atque
1572 1501 1896 1551 contumelia

190 1586 584 1651 reputantibus,
633 1586 796 1635 indes
843 1586 911 1634 ad
956 1586 1179 1634 verbera
1224 1590 1277 1634 et
1324 1585 1476 1634 cedes
1519 1583 1771 1649 prosilire,
1818 1583 1896 1632 ita

193 1668 376 1733 quodg
409 1669 594 1732 procul
628 1668 791 1717 dubio
837 1667 1180 1717 seminarium
1221 1666 1353 1715 illud
1386 1666 1699 1731 pestiferum
1732 1670 1896 1730 atque

192 1750 520 1799 virulentum
535 1749 558 1779 '²
598 1750 880 1799 turbarum
916 1755 969 1798 et
1007 1749 1335 1798 sedicionum
1371 1748 1551 1797 omnia
1586 1764 1720 1812 pene
1749 1747 1895 1812 regni

192 1833 309 1881 loca
334 1832 617 1896 repleverit
645 1831 698 1880 in
727 1847 894 1896 eoque
923 1831 1055 1880 adeo
1084 1832 1189 1880 alte
1216 1831 1420 1879 radices
1455 1830 1673 1888 miserit,
1704 1834 1765 1879 ut
1803 1830 1897 1878 vix

194 1913 341 1978 posti
368 1930 536 1963 annos
562 1921 614 1961 L³
640 1912 897 1978 extirpari
931 1918 1094 1978 atque
1138 1912 1394 1961 eradicari
1428 1913 1496 1960 ab
1537 1928 1598 1960 eo
1641 1911 1895 1976 potuerit,

193 1996 357 2044 immo
393 2000 533 2044 certe
574 2011 671 2044 nec
706 1995 880 2044 adhuc
922 1995 1023 2044 hiis
1065 1994 1397 2059 temporibus
1438 1988 1662 2059 prorsus>
1694 1993 1897 2042 extinc-

193 2084 311 2126 tum
339 2077 424 2135 sit,
455 2077 547 2126 sed
572 2093 718 2125 more
746 2077 874 2142 ydre
903 2076 1177 2140 serpentis,
1208 2092 1316 2125 una
1343 2076 1544 2125 succiso
1572 2075 1762 2140 capite,
1794 2075 1898 2124 alia

193 2163 542 2208 renascantur
572 2164 642 2216 et,
676 2159 860 2207 evulsa
890 2174 998 2206 una
1031 2158 1222 2216 radice,
1259 2158 1433 2206 adhuc
1472 2173 1537 2206 ex
1568 2162 1746 2206 vetere
1785 2172 1894 2205 ma-

194 2241 367 2289 lorum
407 2240 762 2289 nefandorum
803 2240 998 2289 iterum
1038 2256 1181 2288 nova
1222 2239 1417 2303 atque-s
1459 2239 1712 2304 pestifera
1752 2254 1898 2303 seges

195 2327 446 2386 exsurgat
465 2321 488 2350 A>
503 2322 535 2371 2.

265 2404 427 2473 Porro
459 2404 619 2453 duces
649 2403 1111 2452 Aurelianensium
1141 2403 1397 2467 parcium,
1432 2403 1524 2467 qui
1554 2403 1653 2452 sub
1683 2403 1897 2451 nomine

195 2485 338 2549 regio
370 2485 695 2543 militabant,
731 2501 864 2549 quas
897 2490 1189 2549 potuerunt
1222 2485 1378 2533 urbes
1411 2489 1464 2533 et
1497 2489 1664 2533 terras
1696 2484 1897 2533 munie-

195 2571 321 2615 runt
356 2571 518 2630 atque
551 2572 857 2626 tenuerunt,
892 2583 958 2615 ne
992 2567 1060 2615 ad
1093 2572 1272 2631 partes
1297 2566 1741 2631 Burgundionum
1767 2566 1896 2615 defi-

197 2654 391 2697 cerent.
429 2649 574 2698 Alias
608 2664 734 2697 vero
770 2664 873 2713 que
914 2648 1249 2698 suasionibus
1291 2664 1425 2712 quas
1466 2648 1801 2712 premisimus
1842 2652 1896 2697 et

197 2731 642 2780 machinamentis
670 2731 737 2779 ad
764 2746 852 2780 eas
878 2736 1058 2795 partes
1085 2735 1414 2780 accesserant
1441 2735 1492 2778 et
1520 2745 1715 2794 magna
1741 2730 1896 2778 affec-

259 2883 298 2908 a.
331 2875 472 2921 atque
502 2871 766 2910 obedientia
794 2871 893 2922 ejus
923 2872 975 2910 P.
1005 2894 1063 2898 —
1096 2871 1131 2909 b.
1164 2872 1378 2910 turbatos
1407 2870 1728 2910 miserabiliter
1757 2871 1810 2909 P.
1839 2893 1898 2898 —

199 2942 233 2968 c.
255 2930 477 2969 adversus
498 2931 550 2969 P.
571 2953 629 2958 —
648 2932 688 2969 d.
711 2943 764 2969 ac
783 2931 1061 2969 tumultuari
1081 2931 1133 2969 P.
1155 2953 1213 2957 -
1231 2944 1265 2969 e.
1288 2931 1508 2969 adversus
1529 2931 1581 2969 P.
1602 2953 1660 2957 -
1680 2931 1709 2977 s.
1732 2930 1899 2969 deinde

201 2989 254 3028 P.
275 3012 334 3016 —
357 3002 395 3040 g.
419 2990 578 3040 itaque
600 2991 653 3029 P.
675 3013 734 3017 —
755 2991 795 3029 h.
820 2991 992 3029 bellum
1015 2990 1066 3028 P.
1090 3012 1148 3016 —
1169 2990 1198 3028 i.
1223 2993 1379 3041 potest
1401 2991 1454 3029 P.
1476 3012 1534 3016 ——
1553 2990 1586 3040 j.
1610 2994 1752 3041 atque
1773 3001 1896 3028 nova

201 3049 253 3087 P.
272 3071 330 3076 —-
347 3049 387 3088 k.
408 3049 590 3100 exurgit
608 3050 661 3089 P.
