2071 3302
171 230 230 270 62
430 238 503 269 DE
539 238 868 270 ROTHOMAGO
903 238 972 269 AB
1007 238 1201 269 ANc-LIS
1238 237 1404 269 CAPTO
1445 224 1608 282 (1419)

169 351 310 402 ludis
343 351 445 401 sibi
479 351 716 411 allatam,
753 367 861 401 non
895 351 1125 416 segniter
1159 355 1254 400 aut
1293 350 1618 415 negligenter
1653 349 1877 399 transire

171 433 445 498 permisit;
480 433 574 483 sed
607 432 883 498 acquisitis
916 432 1165 482 omnibus
1202 448 1336 497 pene
1370 431 1736 490 civitatibusa,
1765 431 1876 496 opi-

172 514 254 565 dis
279 519 333 565 et
360 515 590 565 castellis
615 514 878 564 inferioris
904 515 1247 573 Normannie‚
1278 514 1348 563 ad
1374 513 1706 563 obsidionem
1731 513 1878 563 urbis

173 597 636 662 Rothomagensi5‚
665 597 976 661 metropolis
1002 597 1175 646 tocius
1200 596 1488 661 provincie,
1518 595 1648 645 totis
1673 595 1877 644 viribus

171 678 431 736 incubuit,
462 693 645 727 omnes
672 693 852 727 secum
877 678 1081 727 habens
1107 693 1230 727 suos
1261 677 1316 726 in
1343 677 1436 726 eab
1465 676 1739 726 obsidione
1765 692 1876 741 ger-

170 775 374 810 manos

239 842 374 890 Erat
411 846 594 890 autem
630 841 757 890 urbs
793 841 925 906 ipsa,
964 847 1083 890 tum
1119 840 1456 906 propriorum
1491 840 1878 890 numerositate

172 923 387 982 civium,
420 927 540 972 tum
570 939 637 971 ex
667 938 927 973 concursu
965 923 1318 987 plurimorum
1348 938 1414 971 ex
1444 921 1616 986 opidis
1654 926 1708 971 et
1739 921 1878 986 agris

175 1005 417 1054 finitimis
451 1020 513 1053 ac
545 1004 717 1054 tocius
750 1004 919 1054 eciam
951 1004 1295 1062 Normannie‚
1333 1004 1425 1069 qui
1457 1004 1581 1053 illuc
1614 1008 1878 1068 tanquam

172 1087 242 1136 ad
267 1086 596 1136 tutissimam
621 1087 809 1135 urbem
834 1086 1201 1151 confugerant,
1229 1086 1545 1134 mirabiliter
1569 1086 1766 1134 referta
1778 1095 1797 1114 ‘³
1823 1091 1876 1134 et

173 1169 330 1233 plena
349 1169 564 1234 populo,
588 1168 691 1218 Sed
711 1183 774 1216 ea
791 1183 873 1217 res
892 1168 1111 1232 majoris
1131 1168 1455 1217 calamitatis
1474 1167 1575 1232 ipsi
1594 1167 1714 1216 urbi
1733 1171 1877 1216 attu-

171 1251 234 1300 lit
267 1250 567 1300 materiam.
603 1250 746 1299 Nam
779 1265 902 1298 cum
934 1250 1094 1314 longa
1126 1250 1420 1315 Anglorum
1454 1249 1729 1299 obsidione
1762 1264 1877 1313 pre-

172 1336 408 1382 meretur
440 1337 494 1381 et
527 1347 624 1380 nec
658 1332 723 1380 de
750 1336 893 1381 terra
927 1347 1024 1381 nec
1051 1332 1116 1381 de
1153 1332 1289 1381 mari
1326 1337 1421 1382 aut
1451 1331 1668 1381 flumine
1695 1331 1804 1380 ulla
1831 1330 1878 1380 ei

174 1414 371 1465 solacia
411 1414 771 1479 provenirent,
817 1418 932 1463 tam
974 1414 1156 1463 valida
1198 1418 1361 1479 atque
1403 1413 1669 1463 horrenda
1710 1414 1878 1462 fames

172 1496 296 1545 inde
327 1500 512 1545 secuta
541 1500 638 1553 est,
671 1500 749 1554 ut,
783 1495 1157 1545 deficientibus
1186 1496 1436 1545 humanis
1466 1495 1749 1554 alimentiS,
1781 1511 1878 1544 nec

173 1577 323 1643 equis
358 1582 453 1627 aut
487 1577 725 1636 canibUS,
763 1577 1019 1627 soricibus
1065 1594 1127 1627 ac
1166 1577 1447 1627 ratonibus
1479 1578 1566 1626 vel
1599 1577 1878 1642 quibusvis

172 1659 463 1709 immundis
489 1659 810 1709 animalibus
844 1659 1156 1709 abstentum
1188 1659 1257 1709 sit
1291 1664 1361 1718 et,
1390 1664 1451 1709 ut
1478 1659 1604 1708 olim
1630 1659 1878 1723 Jheroso-

171 1741 327 1800 limis,
371 1756 494 1790 cum
535 1757 567 1790 a
608 1741 977 1790 Romanorum
1017 1741 1255 1790 exercitu
1300 1741 1646 1800 obsideretur,
1690 1741 1878 1790 eadem

174 1840 307 1889 pene
334 1822 526 1882 clades,
550 1827 670 1871 tum
696 1838 763 1871 ex
789 1823 946 1881 fame,
973 1827 1092 1872 tum
1116 1839 1183 1872 ex
1207 1823 1494 1873 subsecuta
1514 1822 1693 1872 idemd
1716 1822 1876 1872 sevis-

173 1906 309 1956 sima
341 1909 507 1970 peste,
537 1905 676 1954 hanc
703 1904 892 1954 urbem
925 1904 1161 1954 affecerit
1194 1909 1357 1970 atque
1384 1904 1698 1963 vastaverit,
1731 1935 1799 1940 —-
1831 1905 1878 1954 si

174 1993 334 2053 parva
355 1987 469 2036 licet
488 1991 781 2052 componere
802 1987 1008 2051 magnis
1022 1987 1057 2036 1.
1747 2037 1750 2040 ,

242 2070 510 2118 Feruntur
534 2068 692 2126 enim,
721 2068 996 2117 obsidione
1022 2068 1296 2127 durantee,
1325 2069 1465 2118 fame
1488 2069 1723 2133 tabeque
1753 2084 1876 2117 con-

174 2150 377 2215 sumpti
407 2150 550 2199 ultra
583 2157 732 2199 .LXm.
765 2149 1045 2198 hominum
1062 2150 1094 2199 2.
1129 2150 1262 2199 Cum
1293 2155 1475 2199 autem
1506 2149 1674 2200 tantis
1705 2151 1876 2200 affice-

174 2237 358 2282 rentur
381 2231 551 2290 malis,
579 2231 754 2281 adhuc
779 2236 961 2280 tamen
986 2246 1097 2281 sese
1122 2231 1312 2281 dedere
1337 2232 1729 2290 detrectabant,
1757 2236 1877 2281 tum

174 2319 392 2379 propter
435 2314 706 2362 horrorem
750 2313 980 2363 nominis
1024 2313 1334 2378 Anglorum,
1381 2313 1475 2378 qui
1518 2318 1648 2362 tunc
1691 2313 1877 2363 incolis

176 2403 312 2445 terre
341 2395 499 2445 nimis
528 2394 800 2459 incogniti,
833 2395 956 2444 licet
987 2394 1354 2459 interjacentis
1383 2394 1506 2444 freti
1536 2394 1715 2459 spacio
1745 2395 1877 2445 satis

236 2558 275 2583 a.
303 2544 504 2596 Manque
529 2557 582 2583 en
607 2544 659 2583 P.
683 2566 742 2571 -—
767 2544 804 2583 b.
828 2544 1028 2596 Manque
1047 2557 1101 2584 en
1122 2545 1176 2583 P.
1195 2567 1255 2572 —
1272 2556 1306 2583 c.
1329 2543 1537 2584 conferta
1556 2545 1610 2583 P.
1630 2567 1689 2572 —
1707 2545 1748 2584 d.
1769 2544 1876 2584 inde

178 2606 229 2643 Ρ.
251 2627 310 2632 -
327 2617 362 2643 e.
384 2604 584 2656 Manque
605 2616 658 2643 en
679 2604 731 2642 P.

176 2754 259 2781 son
293 2757 308 2776 «
339 2742 458 2780 beau
489 2739 604 2780 frere
635 2756 650 2776 n
683 2741 895 2793 (Journal
926 2741 1035 2780 d’un
1070 2741 1298 2793 bourgeois
1327 2741 1376 2780 de
1405 2740 1553 2786 Paris,
1581 2741 1651 2781 ed.
1679 2741 1872 2793 Tuetey,

176 2814 220 2853 p.
247 2812 342 2846 110,
364 2813 406 2839 n.
429 2801 487 2850 3).
510 2800 768 2852 Capeluche
794 2801 867 2840 fut
890 2800 1103 2852 decapite
1127 2801 1168 2840 le
1194 2802 1248 2839 26
1267 2801 1380 2840 aout
1402 2800 1526 2851 1418,
1548 2812 1661 2840 avec
1678 2801 1801 2840 deux
1818 2801 1875 2840 de

177 2873 247 2900 ses
270 2860 529 2912 complices.

242 2931 277 2958 1.
303 2918 485 2970 Virgile,
519 2917 797 2971 Ge'orgiques,
825 2919 903 2964 IV,
935 2921 1030 2969 176.

238 2992 276 3017 2.
309 2978 394 3018 Sur
420 2978 484 3017 les
511 2978 677 3017 details
705 2978 767 3017 du
795 2977 915 3029 siege
943 2979 999 3017 de
1028 2977 1205 3023 Rouen,
1235 2977 1336 3017 voir
1363 2977 1569 3023 Cheruel,
1597 2977 1797 3018 Histoire
1824 2979 1875 3017 de
