2071 3302
268 212 355 255 142
395 211 658 253 QUOMODO
687 211 911 243 FRANCIS
938 212 1082 243 APUD
1111 212 1285 243 PATAY
1311 213 1563 245 VICTORIA
1589 214 1839 246 CESSERIT

269 323 469 383 multis,
492 324 706 374 eosdem
723 325 923 389 Anglos
941 325 1186 390 persequi
1205 330 1258 373 et
1278 325 1348 374 ad
1366 326 1782 376 internecionem
1800 344 1968 392 usque

265 405 453 464 delere,
479 405 523 455 si
543 410 784 471 potestas
807 407 1040 465 daretur,
1065 406 1120 455 in
1143 406 1382 456 animum
1404 407 1747 458 induxerunt.
1772 410 1966 474 Anglo-

264 503 386 536 rum
417 487 559 537 enirn
591 488 702 537 fore
735 488 894 537 simul
925 492 979 536 et
1011 488 1231 537 recidivi
1262 489 1557 553 periculum
1588 489 1662 539 eis
1694 490 1968 540 imminere

265 567 568 626 videbatur,
615 568 658 616 si
699 568 812 633 jam
856 568 924 617 ab
967 568 1041 617 eis
1084 568 1324 618 devictos
1367 569 1730 635 fugitivosque
1772 575 1862 620 eta
1902 586 1968 621 ex

265 649 431 698 nimio
459 665 658 714 pavore
686 666 821 715 pene
849 666 1144 715 exsangues
1175 651 1370 715 atqueb
1409 651 1680 701 exanimes
1719 653 1967 702 effectos⁶

264 745 359 794 per
386 731 477 780 issa
504 731 618 780 lata
646 736 700 780 et
729 731 971 796 spaciosa
999 731 1321 795 campestria
1345 732 1520 781 Belcie
1549 732 1711 781 libere
1741 733 1885 782 abire
1914 738 1967 783 et

263 813 319 862 in
357 829 454 863 sua
490 829 544 863 se
581 818 704 863 tuta
739 813 986 878 profugia
1021 813 1250 878 recipere
1287 813 1552 879 ignaviter
1587 814 1968 878 permisissent.

264 895 374 945 Eos
395 894 579 961 itaque
601 895 828 945 insecuti
850 900 903 944 et
927 895 981 943 in
1004 899 1162 944 vasta
1183 895 1408 960 planicie
1431 895 1779 954 invenientes,
1804 912 1969 962 prope

264 976 450 1026 villam
492 993 595 1042 que
636 977 798 1042 vulgo
852 978 1005 1026 Paste
1055 977 1389 1041 appellatur1
1431 992 1554 1026 cum
1605 977 1805 1028 eisdem
1847 993 1968 1028 con-

263 1058 442 1124 gressi,
483 1059 630 1107 nullo
667 1074 801 1123 pene
839 1058 1057 1123 negocio
1095 1063 1431 1122 superarunt,
1471 1059 1712 1123 pluribus
1749 1059 1969 1109 eorumd

266 1140 397 1190 cesis
417 1140 711 1204 captisque,
735 1139 851 1189 aliis
870 1155 997 1189 vero
1017 1155 1110 1204 per
1130 1140 1313 1204 fugam
1332 1140 1539 1204 elapsis,

336 1221 538 1286 Captus
570 1221 645 1271 ibi
677 1221 782 1270 fuit
816 1221 1063 1271 dominus
1105 1222 1169 1270 de
1206 1222 1401 1280 Talbot,
1438 1238 1613 1272 comes
1654 1223 1719 1272 de
1763 1223 1967 1273 Cheros-

271 1302 400 1366 bery,
438 1319 561 1352 cum
595 1302 711 1352 aliis
751 1302 1013 1352 militibus
1046 1303 1340 1368 Anglorum
1373 1303 1573 1353 multis
1610 1304 1800 1354 Evasit
1842 1320 1968 1354 vero

268 1399 361 1447 per
399 1382 584 1447 fugam
623 1383 871 1432 dominus
918 1383 1193 1447 Johannes
1230 1384 1419 1433 Fascot
1434 1384 1467 1442 2,
1510 1384 1660 1434 miles
1698 1384 1966 1450 AnglicuS,

267 1464 398 1513 certi
432 1464 641 1513 numeri
675 1465 774 1514 sub
809 1481 863 1514 se
900 1464 1158 1513 ducatum
1192 1464 1383 1513 milicie
1418 1465 1651 1524 habens;
1689 1466 1835 1531 quod
1868 1466 1968 1516 sibi

269 1547 415 1611 apud
440 1546 690 1611 Anglicos
713 1546 932 1595 infamie
954 1550 1116 1611 atque
1138 1546 1422 1611 obprobrio
1442 1563 1550 1596 non
1572 1547 1751 1612 parvis
1778 1548 1968 1598 datum

269 1628 371 1677 fuit
386 1629 420 1677 3.

819 1807 1234 1857 CAPITULUM
1273 1807 1414 1855 XIII

269 1934 556 1998 QUOMODO
593 1934 864 1983 KAROLUs
900 1946 1183 1983 INUNCTUs
1220 1947 1350 1983 FUIT
1384 1948 1444 1982 IN
1482 1947 1674 1985 REGEM
1711 1935 1964 1985 FRANco-

338 2029 458 2064 RUM
487 2029 546 2064 IN
575 2028 832 2064 CIVITATE
864 2015 1127 2063 REMENSI
1158 2028 1230 2063 ET
1263 2028 1337 2063 DE
1378 2028 1619 2064 INsULTU
1657 2029 1732 2064 AD
1771 2029 1965 2065 URBEM

339 2098 721 2146 PARISIENSEM
754 2110 1132 2145 ATTEMPTATO.

337 2231 455 2280 Hiis
482 2231 672 2295 igiture
702 2236 816 2279 tam
845 2230 1067 2279 feliciter
1095 2230 1311 2279 Francis
1343 2231 1797 2295 provenientibuS,
1829 2237 1882 2281 et
1911 2231 1965 2280 in

268 2318 382 2361 tam
412 2312 681 2362 diversum
709 2312 1029 2377 permutatis
1056 2312 1213 2361 rebus
1242 2328 1308 2361 ex
1336 2312 1720 2362 adversissirnis
1748 2317 1802 2362 et
1831 2329 1965 2377 pene

269 2394 561 2459 desperatis
608 2395 662 2443 in
711 2399 826 2443 tam
869 2394 1128 2443 secundas
1172 2410 1232 2442 ac
1277 2410 1570 2459 prosperaS‚
1622 2394 1701 2443 ita
1739 2399 1799 2443 ut
1843 2411 1964 2443 vere

269 2477 332 2525 de
365 2468 522 2525 tanta
561 2476 901 2525 conversione
941 2476 1152 2525 fortune
1193 2475 1296 2524 dici
1335 2480 1513 2540 posset
1554 2491 1562 2525 :
1606 2476 1713 2526 Hec
1745 2477 1965 2526 mutacio

267 2559 459 2607 dextere
503 2558 704 2607 Excelsi
717 2558 753 2616 4,
799 2558 1029 2607 Karolus
1070 2558 1395 2606 Francorum
1433 2573 1541 2615 rex,
1583 2557 1678 2622 qui
1721 2558 1964 2607 nundum

269 2640 520 2688 inunctus
542 2655 687 2688 more
710 2639 1268 2688 christianissimorum
1291 2639 1616 2688 Francorum
1639 2655 1822 2704 regum
1853 2640 1962 2689 fue-

268 2727 350 2769 rat
396 2737 492 2770 nec
537 2711 679 2786 regio
725 2721 1045 2786 dyademate
1091 2720 1372 2785 insignitus
1417 2736 1509 2770 seu
1553 2725 1853 2779 coronatus,
1901 2737 1963 2771 eo

328 2896 367 2921 a.
387 2883 517 2921 Dans
538 2883 821 2934 l'interligne,
845 2883 894 2922 de
917 2882 960 2920 la
981 2881 1105 2921 main
1127 2882 1177 2920 de
1198 2881 1400 2926 l’auteur,
1425 2893 1478 2920 en
1504 2881 1554 2921 G.
1576 2903 1636 2909 —
1659 2881 1696 2921 b.
1719 2885 1885 2933 totque
1907 2882 1961 2922 P.

267 2966 323 2970 ——
345 2955 378 2981 e.
401 2942 589 2982 effectos
609 2955 705 2982 esse
725 2943 777 2981 P.
798 2965 856 2969 —
874 2943 914 2981 d.
937 2942 1136 2994 ΔΜανιᾳιιε
1156 2954 1209 2980 en
1230 2941 1282 2980 P.
1302 2963 1361 2968 —
1377 2953 1413 2980 e.
1434 2941 1593 2992 itaque
1613 2941 1665 2980 P.
