2071 3302
234 234 324 276 108
449 245 581 287 QUID
619 249 638 272 ((
671 244 935 276 BRIGANDI
971 248 989 272 ))
1024 244 1081 274 ΙΝ
1118 243 1443 275 NORMANNIA
1477 242 1712 274 EGERINT

230 358 437 408 esurie⁶‘
478 374 540 407 ac
577 358 734 415 famis
771 361 1087 423 perurgente
1125 356 1286 415 rabie,
1327 359 1582 405 exeuntes
1617 355 1930 421 plerumque

231 444 397 490 noctu
419 444 473 489 et
495 439 550 488 in
573 439 820 498 tenebris,
846 438 1134 504 aliquando
1157 438 1325 487 eciam
1348 437 1596 496 interdiU‚
1621 436 1714 486 sed
1742 436 1928 495 rarius,

231 521 644 587 agricultommb
674 521 1029 586 irrumpentes
1059 521 1260 579 domos,
1291 519 1446 569 bonis
1474 535 1658 569 eorum
1691 517 1928 584 direptis,

231 603 447 653 eosdem
476 602 721 668 captivos
751 602 822 651 ad
851 618 974 652 suas
1012 601 1067 650 in
1097 600 1243 651 silvis
1275 600 1657 651 occultissimas
1697 600 1932 649 latebras

233 685 574 735 abducebant
607 689 661 733 et
701 700 789 734 eos
831 683 936 733 illic
967 683 1130 734 variis
1161 683 1527 733 excruciantes
1557 681 1839 732 tormentis
1870 697 1932 731 ac

232 766 436 826 inediis,
468 767 538 816 ad
571 782 793 831 magnas
829 782 926 831 pro
962 776 1089 815 sua0
1119 765 1488 831 redempcione
1523 769 1577 814 et
1615 763 1931 814 liberacione

233 847 580 914 pecuniarum
608 864 845 898 summas
880 852 935 897 et
972 847 1077 897 alia
1104 863 1208 913 que
1236 847 1356 897 usui
1391 863 1487 896 suo
1515 845 1810 896 necessaria
1836 861 1933 910 pu·

233 930 451 980 tarentd
477 931 812 989 coartabant,
842 931 912 980 ad
937 946 1098 995 quem
1123 929 1437 980 statuissent
1473 929 1650 978 locum
1681 926 1933 993 prefinito

233 1012 320 1062 die
365 1012 740 1078 deportandas,
776 1012 863 1062 Ad
896 1012 1042 1077 quod
1086 1011 1130 1061 si
1170 1011 1474 1070 deficerent,
1510 1010 1596 1059 vel
1636 1017 1798 1075 quos⁶
1841 1009 1932 1058 ob-

233 1094 374 1144 sides
406 1093 743 1159 reliquissent
783 1093 1221 1143 inhumanissime
1256 1092 1647 1150 tractabantur,
1683 1091 1770 1141 vel
1813 1090 1932 1156 ipsi,

235 1177 279 1225 si
316 1176 511 1225 iterum
549 1176 619 1225 ad
656 1192 745 1225 eos
778 1175 1302 1241 comprehendendos
1313 1176 1342 1212 f
1379 1174 1666 1224 latrunculi
1703 1173 1804 1239 ipsi
1841 1189 1933 1239 po-

236 1257 463 1307 tuissent
500 1257 791 1323 pervenire‚
830 1257 1177 1315 necabantur,
1218 1261 1312 1306 aut
1349 1272 1533 1306 eorum
1570 1256 1775 1315 domUS,
1813 1254 1933 1321 igne

235 1343 401 1388 noctu
425 1338 564 1388 clam
588 1338 851 1404 appositO,
880 1338 1271 1388 cremabantur.

306 1429 424 1477 Hoc
446 1428 710 1493 siquidem
730 1443 896 1493 genus
919 1428 1321 1492 desperatorum
1341 1426 1635 1485 hominum,
1660 1425 1753 1491 qui
1773 1426 1934 1491 vulgo

234 1509 490 1576 Brigandi
512 1510 923 1576 appellabantur
937 1510 972 1568 1,
996 1509 1191 1558 mirum
1211 1508 1266 1558 in
1287 1509 1508 1558 modum
1528 1508 1583 1557 in
1604 1507 1936 1557 Normannia

236 1597 290 1641 et
314 1592 687 1657 adjacentibus
709 1591 996 1657 provinciis
1019 1596 1182 1656 atque
1205 1591 1373 1649 terris
1399 1607 1532 1656 quas
1553 1589 1760 1655 Anglici
1783 1605 1935 1639 occu-

237 1674 459 1738 pabant,
496 1673 725 1723 invaluit
760 1679 814 1722 et
849 1689 1033 1722 earum
1067 1673 1261 1722 incoles
1295 1677 1595 1722 terrarum&
1625 1671 1845 1721 vexavit
1880 1676 1935 1720 et

235 1771 389 1820 agros
409 1755 706 1820 populavit.

305 1845 378 1894 Et
407 1845 657 1910 quamvis
685 1844 953 1910 capitanei
983 1849 1145 1909 atque
1175 1844 1333 1893 duces
1355 1843 1663 1908 Anglorum,
1688 1858 1749 1891 eo
1772 1842 1932 1907 quod,

237 1927 368 1975 dum
408 1927 551 1992 ipsos
591 1926 840 1992 Anglicos
882 1926 1276 1992 apprehendere
1316 1925 1632 1990 potuissent,
1676 1923 1787 1974 sine
1827 1924 1936 1973 ulla

237 2008 581 2058 miseracione
630 2008 1041 2066 interficiebant,
1095 2008 1328 2056 multum
1378 2022 1500 2056 cure
1550 2022 1612 2055 ac
1662 2005 1935 2071 diligencie

239 2106 372 2155 pene
396 2106 602 2155 semper
624 2090 910 2140 habuerint
933 2095 995 2139 ut
1019 2089 1388 2154 hujuscemodi
1411 2088 1779 2154 pestilencium
1802 2087 1934 2136 fera-

238 2188 358 2220 rum
387 2188 574 2237 genere
605 2171 937 2237 provinciam
967 2175 1339 2236 expurgarent,
1372 2170 1450 2219 ita
1480 2174 1540 2219 ut
1572 2184 1935 2234 quoscumque

238 2270 305 2303 ex
340 2253 414 2303 eis
449 2254 893 2319 comprehendere
928 2258 1179 2318 poterant
1214 2252 1352 2301 illico
1388 2251 1548 2301 furcis
1584 2267 1645 2300 ac
1681 2250 1936 2316 patibulis

239 2336 559 2400 suffigerent‚
599 2351 877 2401 nunquam
913 2340 1096 2384 tamen
1132 2350 1311 2384 semen
1347 2334 1479 2383 illud
1514 2333 1623 2383 ulla
1659 2332 1936 2398 diligencia

240 2417 325 2466 vel
363 2422 477 2476 arte
515 2417 867 2466 exterminare
905 2421 1213 2482 potuerunt,
1255 2415 1513 2481 quamdiu
1550 2414 1936 2463 Normanniam

240 2499 575 2548 incoluerunt
624 2515 685 2548 ac
733 2503 1036 2548 tenuerunt.
1079 2499 1278 2547 Verum
1325 2497 1587 2562 siquidem
1634 2501 1687 2545 et
1735 2495 1935 2561 experi-

240 2585 423 2630 mento
462 2581 665 2646 liquido
705 2581 1065 2646 approbatum
1104 2579 1381 2629 consilium
1420 2578 1595 2637 fuerit,
1638 2579 1783 2643 quod
1822 2577 1936 2642 qui-

242 2664 368 2712 dam
394 2663 638 2712 sacerdos
664 2662 990 2711 Normannie
1017 2662 1155 2710 inter
1180 2661 1427 2726 Anglicos
1454 2660 1644 2725 plures,
1673 2660 1728 2708 in
1753 2675 1937 2708 mensa

302 2844 342 2871 a.
367 2830 530 2870 esuriei
553 2832 606 2870 P.
624 2853 685 2859 —
710 2830 747 2869 b.
775 2830 1080 2881 agricolarum
1100 2830 1152 2868 P.
1172 2852 1231 2857 -—
1253 2842 1287 2869 c.
1309 2829 1379 2868 sui
1406 2829 1458 2867 P.
1482 2850 1540 2855 —
1563 2828 1604 2866 d.
1629 2830 1856 2879 putarant
1880 2827 1933 2866 P.

241 2921 300 2926 —-
322 2911 357 2938 e.
383 2898 413 2937 ii
438 2911 554 2950 quos
580 2899 633 2938 P.
657 2921 717 2926 —
743 2898 774 2946 f.
803 2898 1289 2950 comprehendendum
1319 2897 1370 2935 P.
1398 2919 1456 2923 —
1488 2908 1525 2947 g.
1556 2895 1640 2933 Les
1668 2897 1777 2933 νηοῖς
1806 2893 1936 2933 inva-

242 2966 384 3005 luit...
416 2969 644 3005 terrarum
672 2969 910 3018 mavzquent
936 2978 990 3005 en
1019 2966 1072 3005 P.
