2071 3302
207 243 270 297 46
412 252 563 295 QUAM
599 251 803 283 IGNAVE
838 251 901 284 SE
936 252 1190 284 GESSERIT
1225 253 1341 285 DUX
1376 252 1709 284 BRITANNIAE

208 366 448 416 rabiliter
481 365 708 431 direpta?
726 366 901 416 fuerat
936 365 1127 416 civitas
1162 366 1519 425 Suessionum,
1557 371 1717 431 prout
1751 382 1914 432 supra

209 448 458 507 diximus,
499 452 553 497 et
589 448 730 497 inter
765 447 926 512 impie
963 448 1068 497 illic
1106 453 1244 507 acta,
1284 448 1574 513 spoliatum
1611 448 1912 497 venerabile

208 529 341 579 illud
363 529 662 588 cenobium,
688 530 788 578 sub
811 529 1120 578 eorumdem
1142 529 1425 578 beatorum
1447 529 1730 578 martirum
1753 529 1913 578 titulo

210 611 520 660 dedicatum
535 611 569 660 1.
594 611 750 661 Unde
771 610 1035 660 creditum
1055 616 1135 660 est
1156 612 1294 659 hanc
1315 611 1521 660 cladem
1543 611 1760 661 Francis
1780 611 1914 660 divi-

209 693 356 743 nitus
389 693 653 742 inflictam
686 708 782 757 pro
814 692 1018 742 meritis
1051 692 1395 757 impietatum
1427 698 1481 741 et
1514 693 1911 751 crudelitatum,

210 790 344 839 quas
379 779 498 823 tum
533 774 588 823 in
622 774 822 832 multiS,
861 779 980 824 tum
1015 774 1290 839 potissime
1325 775 1379 823 in
1414 774 1554 824 illius
1588 775 1734 824 urbis
1769 791 1913 824 ever-

208 857 354 906 sione
395 861 558 921 atque
597 872 869 906 sacrorum
909 857 1225 922 direpcione‚
1260 857 1652 907 commiserant.
1687 858 1767 906 De
1807 873 1914 921 quo

208 938 407 988 senciot
432 938 657 1004 quisque
682 943 842 1003 prout
860 939 1088 988 voluerit
1110 955 1120 997 ;
1147 955 1244 989 nos
1265 939 1421 998 enim,
1442 955 1619 988 rerum
1641 943 1914 1004 gestarum

209 1021 444 1070 veridica
480 1021 790 1070 narracione
836 1021 1093 1079 contenti,
1135 1022 1368 1070 archana
1406 1021 1707 1070 divinitatis
1753 1036 1915 1086 opera

209 1102 324 1152 aliis
348 1102 703 1161 discucienda,
730 1102 823 1167 qui
845 1103 946 1151 hoc
969 1102 1387 1167 presumpserint
1410 1102 1774 1167 relinquimus.

279 1185 343 1233 In
377 1200 438 1233 eo
471 1184 636 1249 prelio
670 1184 782 1233 dux
810 1184 1089 1233 Britannie
1122 1185 1398 1248 Johannes
1413 1184 1447 1243 2,
1482 1184 1606 1234 licet
1639 1189 1912 1243 evocatus,

209 1266 428 1316 minime
465 1266 653 1324 affuit;
693 1266 801 1324 sed,
842 1282 964 1315 cum
1000 1266 1280 1316 Ambianis
1316 1282 1485 1330 usque
1521 1265 1754 1316 venisset
1791 1281 1915 1315 cum

209 1364 405 1413 magno
445 1364 664 1398 suorum
701 1348 988 1398 Britonum
1027 1364 1266 1406 numerO,
1310 1348 1402 1413 qui
1443 1348 1512 1397 ad
1553 1355 1637 1397 xm
1677 1348 1915 1397 virorum

209 1430 565 1480 communiter
599 1429 971 1489 estimabatur,
1008 1430 1113 1479 illic
1148 1430 1340 1495 operiri
1373 1429 1564 1479 maluit
1600 1429 1724 1479 belli
1757 1445 1914 1479 even-

209 1517 345 1571 tum,
382 1528 547 1577 quam
581 1520 728 1562 sesea
763 1512 1009 1577 proprius
1043 1512 1288 1577 periculis
1326 1512 1627 1561 admovere.
1660 1511 1915 1561 Confecto

208 1610 442 1659 namque
469 1594 651 1659 prelio,
677 1594 748 1644 ad
773 1593 1004 1660 propria,
1030 1611 1138 1644 non
1161 1594 1272 1644 sine
1299 1610 1467 1659 parvo
1494 1594 1732 1643 locorum
1756 1593 1915 1643 detri-

209 1680 409 1735 ment0‚
438 1692 532 1741 per
556 1691 661 1741 que
684 1675 976 1726 transitum
1002 1676 1250 1734 faciebat,
1278 1692 1375 1725 nec
1400 1675 1527 1725 visis
1553 1675 1771 1740 quidem
1795 1676 1915 1725 hos·

210 1758 371 1816 tibus,
398 1758 659 1807 remeavit
675 1758 709 1807 3.

805 1966 1221 2017 CAPITULUM
1260 1967 1313 2015 X

210 2100 504 2164 QUALITER
559 2101 883 2150 ANGLORUM
942 2114 1056 2149 REX
1112 2114 1247 2150 Posr
1306 2099 1592 2149 PRELIUM0
1647 2100 1914 2150 ANGLIAM

279 2196 463 2232 PECIIT
485 2197 556 2231 ET
579 2196 692 2243 QUE
718 2196 957 2231 INTERIM
981 2196 1096 2231 TAM
1119 2196 1229 2231 PER
1258 2195 1380 2231 EUM
1405 2195 1565 2242 QUAM
1600 2195 1708 2230 PER
1731 2182 1914 2231 FRAN-

278 2279 376 2314 cos
423 2278 598 2314 GEsrA
645 2278 892 2314 FUERINT
936 2277 1044 2312 PER
1090 2277 1377 2312 BIENNIUM
1424 2276 1537 2323 ouo
1588 2276 1648 2311 IN
1694 2263 1915 2312 ANGLIA

280 2360 485 2396 STETIT.

279 2488 413 2537 Cum
443 2477 635 2537 'autem
674 2487 849 2537 dictus
888 2487 1182 2552 Anglorum
1220 2502 1329 2544 rex,
1371 2486 1632 2535 victoria⁶
1671 2485 1914 2550 hujusce-

211 2570 357 2619 modi
379 2586 486 2618 non
509 2569 846 2618 mediocriter
869 2569 1056 2627 elatuS‚
1082 2584 1205 2618 cum
1228 2567 1457 2633 captivis
1480 2572 1533 2616 et
1557 2567 1723 2632 preda
1741 2567 1916 2616 multa

210 2652 263 2700 in
286 2651 535 2716 Angliam
556 2667 610 2700 se
632 2651 914 2715 recepisset
930 2650 965 2708 4,
990 2666 1097 2699 non
1119 2666 1182 2699 ea
1203 2649 1583 2699 tantummodo
1604 2664 1781 2697 rerum
1803 2648 1913 2697 feli-

210 2733 374 2782 citate
409 2738 710 2790 contentus,
749 2732 817 2781 ad
852 2732 997 2796 pacis
1032 2731 1147 2781 ocia
1180 2736 1234 2781 et
1269 2730 1464 2796 quietis
1497 2730 1825 2780 suavitatem
1859 2745 1913 2780 se

271 2913 311 2939 a.
333 2912 380 2939 se
401 2900 454 2938 P.
475 2921 534 2927 -—
556 2899 592 2939 b.
615 2903 867 2951 postquam
886 2898 1084 2950 prelium
1105 2901 1348 2950 peractum
1369 2896 1460 2937 fuit
1480 2897 1532 2937 P.
1553 2918 1613 2926 —
1630 2909 1666 2938 c.
1687 2908 1745 2936 ex
1763 2896 1912 2936 victo-

211 2961 278 2998 ria
302 2960 355 2998 P.
