2071 3302
685 406 688 407 ’
766 400 1183 451 CAPITULUM
1220 400 1357 452 VIII

214 533 303 582 DE
343 546 651 582 OBSIDIONE
691 546 888 582 PosrTA
926 547 1003 582 AD
1044 547 1264 584 OPIDUM
1305 534 1529 584 CALEsn
1569 548 1678 584 PER
1718 549 1916 585 DUCEM

280 615 786 664 BURGUNDIONUM⁰
826 628 944 664 CUM
992 628 1114 664 sms
1155 616 1470 665 FLAMINGIS
1514 629 1585 665 ET
1637 630 1914 677 QUOMODO

284 709 501 745 LEVATA
525 709 673 745 FUIT.

282 829 795 879 Pretermittendum
839 834 1022 879 autem
1065 830 1120 879 in
1162 830 1324 895 hujus
1366 831 1693 881 narracionis
1735 836 1916 881 nostre

210 910 342 961 serie
369 927 462 961 seu
489 911 704 961 silencio
731 912 1147 977 pretereundum
1172 912 1391 962 minime
1418 912 1595 962 visum
1622 919 1703 963 est
1734 913 1913 978 quidb,

211 998 502 1058 postquam
553 994 699 1058 apud
742 995 1094 1043 Attrebatum
1140 994 1418 1059 Philippus
1470 995 1915 1060 Burgundionum

211 1075 338 1133 dux,
371 1090 502 1138 pace
531 1091 654 1123 cum
693 1075 893 1124 Karolo
934 1076 1262 1124 Francorum
1290 1092 1425 1140 rege,
1459 1077 1915 1140 quemadmodum

211 1167 402 1221 supraC
431 1156 712 1205 retulimus
726 1155 762 1215 1,
792 1157 954 1215 facta,
981 1156 1171 1207 fedusd
1198 1157 1344 1222 quod
1365 1174 1488 1206 cum
1510 1158 1695 1222 Anglis
1716 1159 1915 1208 habue-

210 1242 296 1286 rat
339 1237 546 1297 solvite,
593 1238 849 1287 adversus
891 1238 1034 1303 ipsos
1074 1239 1274 1303 Anglos
1316 1239 1536 1288 molitus
1585 1239 1671 1289 sit.
1717 1239 1916 1290 Videns

209 1319 353 1369 enim
386 1319 529 1384 ipsos
563 1319 664 1369 sibi
698 1324 982 1385 propterea
1014 1320 1249 1370 infensos
1282 1321 1573 1385 plurimum
1606 1321 1914 1381 reddidisse,

209 1401 469 1466 terrisque
498 1406 552 1451 et
583 1401 813 1452 subditis
842 1401 950 1451 suis
979 1418 1046 1451 ex
1074 1402 1234 1467 opido
1264 1402 1453 1452 Calesii
1481 1407 1534 1451 et
1565 1403 1795 1452 castellis
1824 1402 1916 1452 ali-

210 1482 406 1546 quibus
447 1482 837 1547 adjacenfibus,
881 1499 984 1547 que
1024 1483 1080 1531 in
1120 1483 1353 1532 confinio
1394 1488 1658 1532 terrarum
1698 1500 1916 1533 suarum

211 1563 459 1612 Flandrie
493 1568 547 1613 et
584 1563 823 1612 Picardie
858 1564 964 1614 sita
997 1569 1140 1622 sunt,
1177 1565 1332 1629 plura
1365 1570 1692 1614 nocumenta
1724 1564 1916 1614 inferre

209 1660 379 1708 posse,
413 1644 693 1694 consilium
723 1645 929 1710 accepit
958 1646 1094 1695 velle
1124 1646 1284 1695 armis
1302 1662 1377 1695 ⁴ac
1405 1646 1610 1696 viribus
1640 1662 1702 1695 ea
1732 1646 1916 1696 tollere

211 1742 409 1791 sueque
452 1727 624 1776 facere
667 1727 921 1786 dicionis;
965 1727 1123 1776 simul
1164 1728 1333 1776 eciam
1376 1728 1522 1792 apud
1563 1744 1617 1776 se
1659 1733 1916 1792 reputans

211 1824 333 1872 ergo
359 1808 620 1857 Karolum
642 1824 819 1873 regem
841 1813 896 1858 et
919 1809 1152 1859 Francos
1173 1809 1408 1874 graciam
1431 1814 1595 1874 atque
1618 1810 1915 1859 amiciciam

210 1904 519 1953 comparare
557 1889 870 1954 ampliorem
914 1890 958 1939 si
1004 1890 1345 1955 gravissimos
1382 1906 1565 1939 eorum
1601 1891 1782 1940 hostes
1819 1906 1916 1940 sua

210 1984 276 2016 ex
302 1973 455 2033 parte
481 1969 795 2034 impugnare
822 1974 986 2034 atque
1013 1986 1197 2019 eorum
1222 1970 1362 2020 vires
1389 1975 1670 2020 attenuare
1693 1958 1915 2020 ‘conten-

210 2050 375 2100 deret.

281 2132 454 2196 Quam
483 2149 605 2181 cum
634 2133 676 2181 F
679 2133 898 2198 lamingi
926 2134 1007 2182 sui
1036 2134 1200 2182 talem
1228 2133 1556 2198 accepissent
1584 2140 1793 2199 gereres
1821 2150 1913 2184 vo-

209 2214 493 2272 luntatem,
528 2214 575 2263 ei
614 2215 794 2279 quoad
831 2220 1083 2279 poterant
1122 2216 1449 2280 complacere
1487 2215 1791 2280 gestienteS,
1833 2221 1913 2265 to-

209 2296 321 2345 cius
351 2296 599 2345 Flandrie
629 2296 767 2346 vires
798 2297 867 2346 ad
895 2297 1035 2347 illius
1065 2313 1157 2347 sue
1187 2297 1587 2347 exsecucionem
1615 2297 1916 2348 voluntatis

210 2378 523 2427 obtulerunt
556 2382 610 2427 et
644 2394 698 2428 se
738 2379 877 2428 solos
916 2379 1007 2427 idg
1049 2379 1434 2444 adimpleturos
1478 2379 1913 2444 perfecturosque

211 2460 411 2523 absque
446 2459 566 2508 ullis
579 2462 601 2491 ‘²
640 2475 857 2508 suarum
893 2460 1118 2509 aliarum
1153 2466 1416 2509 terrarum
1451 2461 1617 2525 copiis
1661 2460 1912 2525 promise-

210 2541 336 2585 runt
353 2535 387 2585 ².
430 2537 669 2601 Quorum
720 2543 1032 2602 promptum
1076 2538 1316 2587 animum
1354 2539 1720 2604 sinceramque
1771 2538 1913 2588 idem

210 2618 454 2682 princeps
485 2619 807 2683 perspiciens
837 2620 1192 2678 voluntatem,
1228 2636 1411 2669 eorum
1443 2620 1774 2670 oblacionem
1804 2620 1913 2670 leto

210 2715 271 2748 ac
301 2705 455 2764 grato
486 2700 665 2750 animo
695 2700 970 2766 suscepits.
1003 2701 1166 2766 Cujus
1196 2707 1257 2750 ut
1299 2702 1611 2751 exhiberent
1642 2703 1911 2761 effectum,

211 2783 274 2831 de
306 2782 524 2846 singulis
554 2783 727 2847 patrie
758 2783 930 2848 opidis
961 2788 1014 2832 et
1045 2783 1188 2842 locis,
1222 2800 1326 2848 que
1356 2788 1474 2832 tum
1504 2783 1913 2848 populosissima

269 2941 309 2967 α.
329 2929 594 2980 Burgundie
614 2930 667 2968 P.
686 2953 745 2957 —
771 2930 807 2970 b.
830 2931 955 2982 quod
980 2932 1034 2970 P.
1052 2952 1112 2958 —
1131 2943 1166 2970 c.
1186 2931 1386 2983 Manque
1405 2943 1457 2970 en
1476 2931 1529 2970 P.
1549 2953 1608 2958 —
1623 2931 1666 2969 d.
1685 2930 1838 2970 federe
1855 2931 1909 2969 P.
