2071 3302
196 235 288 278 208
398 246 471 277 DE
507 246 636 278 ODIO
672 245 885 291 COMITIS
920 246 1232 278 ARUNDELLI
1268 247 1326 278 IN
1363 248 1697 281 CALETENSES

195 360 386 409 simam
415 361 675 410 habentes
705 361 1026 425 opinionem,
1058 361 1263 411 mutuis
1291 361 1346 410 in
1376 378 1486 412 sese
1517 363 1651 412 odiis
1681 368 1734 412 et
1765 363 1900 413 diffi-

195 441 394 490 denciis
421 441 616 491 cotidie
643 442 812 506 magis
841 458 902 491 ac
929 443 1098 507 magis
1126 443 1557 493 accendebantur
1583 449 1637 493 et
1665 444 1898 494 inardes-

194 523 388 572 cebant
404 523 439 573 1.

779 709 1195 760 CAPITULUM
1235 710 1310 759 IV

198 843 278 890 DE
314 855 450 891 ODIO
484 843 808 893 ANGLORUM
842 857 913 892 ET
945 857 1263 893 PRESERTIM
1297 858 1521 894 COMITIS
1555 846 1895 894 ARUNDELLI

258 938 335 973 AD
371 924 774 975 CALETENSIUM
809 938 1073 984 POPULOS,
1110 939 1181 974 ET
1216 940 1498 987 QUALITER
1532 940 1677 975 IDEM
1712 940 1894 977 COMES

258 1020 293 1055 A
313 1007 561 1056 FRANCIS
582 1020 791 1056 CAPTUS
811 1020 994 1056 PAULO
1014 1021 1151 1056 POST
1169 1021 1414 1057 OBIERIT.

257 1140 428 1196 Unde,
458 1145 581 1204 post
614 1140 908 1189 cohercitos
940 1141 1166 1205 populos
1198 1140 1461 1190 inferioris
1486 1142 1814 1191 Normannie
1840 1149 1894 1191 et

189 1221 346 1270 totali
380 1221 624 1270 addictos
662 1221 927 1280 servituti,
958 1238 1092 1286 quos
1120 1222 1189 1271 ad
1215 1222 1403 1271 turbas
1429 1228 1484 1272 et
1510 1223 1801 1273 sediciones
1828 1224 1894 1272 de

187 1302 382 1368 quibus
437 1302 717 1352 retulimus
769 1303 1106 1352 suscitandas
1151 1303 1260 1353 suis
1304 1303 1683 1368 iniquitatibus
1729 1309 1893 1369 atque

187 1384 321 1434 dolis
354 1384 689 1433 concitarant
722 1389 776 1433 et
809 1385 1209 1449 quodammodo
1242 1391 1541 1450 coegerant,
1575 1402 1684 1435 non
1714 1386 1893 1436 minus

185 1466 332 1516 cordi
372 1471 427 1515 et
470 1467 648 1515 animo
690 1467 950 1516 habentes
992 1467 1193 1531 pariter
1234 1467 1543 1532 extinguere
1584 1467 1892 1517 libertatem

185 1548 507 1612 populorum
535 1548 627 1613 qui
653 1548 822 1597 Caleti
855 1564 948 1597 seu
977 1548 1278 1598 Caletenses
1313 1549 1669 1614 appellantur,
1698 1549 1752 1598 in
1780 1549 1891 1599 dio-

185 1629 289 1679 cesi
320 1629 742 1694 Rothomagensi
769 1630 1080 1679 habitantes
1108 1630 1248 1680 inter
1277 1630 1535 1680 Secanam
1563 1636 1618 1680 et
1648 1631 1890 1681 Summo-

184 1726 311 1760 nam
339 1711 530 1761 fluvios
565 1728 733 1776 usque
769 1712 838 1760 ad
873 1711 1001 1761 litus
1035 1712 1197 1762 maris
1213 1711 1247 1770 2,
1283 1713 1458 1761 adhuc
1493 1717 1555 1761 ut
1590 1729 1679 1762 eos
1713 1713 1890 1778 oppri-

183 1797 406 1850 merent,
439 1792 530 1857 qui
569 1792 666 1841 soli
702 1808 885 1841 eorum
915 1792 1115 1857 rapinis
1153 1797 1316 1857 atque
1346 1793 1619 1842 violenciis
1649 1793 1890 1842 oblucta-

183 1875 383 1923 bantur
423 1890 618 1939 magno
660 1874 840 1924 studio
883 1874 1270 1923 annitebantur
1303 1890 1312 1924 :
1345 1874 1424 1923 ita
1464 1879 1562 1924 uta
1605 1875 1889 1940 precipuus

182 1956 473 2021 Anglicane
511 1956 703 2005 milicie
735 1957 846 2006 dux
878 1956 971 2021 qui
1011 1956 1113 2006 illis
1145 1956 1332 2006 diebus
1363 1961 1478 2006 erat
1509 1973 1686 2006 comes
1715 1957 1888 2006 Arun-

183 2038 306 2087 delli
319 2037 354 2097 3,
385 2039 546 2087 homo
575 2039 793 2087 efferate
820 2038 1048 2087 nimium
1076 2038 1403 2088 crudelitalis
1431 2043 1595 2103 atque
1623 2038 1886 2103 superbie,

181 2125 579 2169 sacramentum
605 2120 789 2169 fecerit
816 2136 924 2169 non
951 2120 1223 2184 imponere
1251 2120 1418 2185 capiti
1443 2136 1540 2169 suo
1567 2120 1736 2169 ullum
1764 2135 1886 2185 ope-

180 2201 471 2250 rimentum
522 2202 689 2251 donec
739 2202 1038 2251 rusticanos
1089 2201 1448 2251 Caletensium
1509 2202 1736 2266 populos
1794 2218 1886 2266 op—

180 2283 455 2348 pressisset
492 2288 545 2332 et
583 2283 833 2333 servituti
869 2283 1195 2342 addixisset;
1233 2288 1287 2332 et
1323 2283 1455 2332 illud
1488 2283 1676 2348 utique
1712 2299 1884 2333 sacra-

179 2370 424 2414 mentum
452 2365 632 2430 quoad
664 2365 803 2414 vixit
839 2365 1180 2423 observabat,
1209 2365 1355 2414 nudo
1390 2381 1598 2429 semper
1634 2365 1884 2414 incedens

180 2447 355 2510 capite
370 2446 406 2495 4,
437 2446 539 2496 Sed
576 2447 630 2495 in
658 2451 814 2495 tanto
849 2446 1154 2511 arrogancie
1188 2447 1335 2496 fastu
1367 2463 1490 2495 eum
1525 2446 1731 2496 diucius
1766 2463 1881 2511 per-

180 2543 394 2577 manere
415 2528 600 2576 divina
619 2527 834 2577 bonitas
854 2544 961 2577 non
982 2528 1239 2592 permisit.

241 2692 280 2718 α.
306 2679 367 2718 Le
392 2682 479 2718 mot
503 2690 610 2718 cum
633 2680 746 2718 dans
770 2679 814 2718 la
838 2692 1001 2731 marge‚
1029 2680 1079 2719 de
1103 2679 1147 2718 la
1171 2679 1297 2718 main
1322 2679 1372 2718 de
1396 2678 1599 2724 l’auteur,
1627 2691 1681 2717 en
1711 2678 1761 2725 G,
1788 2676 1816 2717 ὰ
1839 2678 1883 2717 la

179 2738 293 2778 suite
314 2738 429 2778 d'ita
448 2742 514 2778 ut.
540 2739 654 2778 Cette
676 2738 878 2778 addition
899 2739 1059 2778 semble
1080 2739 1295 2778 contraire
1317 2751 1377 2778 au
1399 2751 1512 2778 sens.

245 2884 279 2911 1.
304 2872 432 2911 Dans
452 2885 533 2911 son
555 2873 773 2924 opuscule
796 2872 982 2911 intitule
1004 2884 1011 2910 ;
1033 2872 1099 2911 De
1119 2872 1162 2911 la
1181 2870 1416 2910 re'sisiance
1436 2871 1462 2910 ὰ
1482 2871 1780 2923 Z'occupation
1802 2884 1878 2910 an-

182 2931 318 2981 glaise
340 2932 452 2970 dans
473 2932 508 2970 le
529 2937 642 2983 pays
663 2932 712 2971 de
732 2931 919 2970 Lisieux
939 2932 987 2970 de
1016 2937 1147 2976 1424
1171 2930 1197 2970 ὰ
1224 2938 1354 2976 1444
1391 2931 1544 2981 (Caen,
1573 2931 1698 2980 1893,
1722 2931 1877 2981 in·80),

180 2991 239 3029 M.
270 2991 430 3030 Rioult
456 2992 511 3030 de
546 2992 756 3030 Neuville
782 3004 809 3030 a
833 2991 1023 3042 produit
1056 2991 1208 3030 divers
1234 2991 1508 3030 documents
1534 2990 1794 3030 d'archives
1819 2991 1877 3029 ou

179 3053 285 3089 sont
307 3050 472 3090 relates
495 3052 574 3090 des
597 3051 706 3090 faits
729 3051 808 3101 qui
830 3051 1052 3090 vienncnt
1074 3049 1100 3089 a
1122 3050 1299 3102 l’appui
1321 3051 1377 3090 de
1400 3063 1449 3089 ce
1472 3062 1561 3101 que
1584 3050 1654 3089 dit
1679 3049 1736 3088 ici
1758 3049 1877 3088 Tho-
