2071 3302
156 193 216 236 24
554 191 626 221 DE
661 190 926 221 ATREBATI
963 190 1256 222 osssmmNE
1295 178 1456 235 (1414)

156 305 302 354 tione
352 297 729 363 coherebanta‚
782 319 1052 353 armorum
1101 303 1350 368 potencia
1399 303 1646 353 edomare
1694 309 1858 369 atque

155 401 466 451 recuperare
497 386 837 436 studuerunt.
871 387 945 435 Et
977 386 1153 450 plures
1185 385 1403 450 quidem
1433 385 1489 434 in
1520 386 1679 451 plaga
1710 386 1858 436 Occi-

157 472 289 517 tana
316 483 485 533 parvo
514 467 732 533 negocio
767 467 822 516 in
863 466 1195 516 dedicionem
1226 471 1539 532 receperunt
1572 467 1658 516 vel
1690 467 1860 517 eciam

154 554 636 614 expugnaverunt;
663 549 870 613 aliquas
894 564 1020 597 vero
1052 548 1139 597 vel
1169 548 1373 613 majore
1406 549 1728 613 populorum
1759 549 1858 598 fre-

157 633 384 699 quenoia
419 631 642 681 refertas
678 630 763 679 vel
802 630 871 679 ad
906 629 1263 680 resistendum
1309 630 1541 680 validius
1584 634 1638 680 et
1675 631 1859 680 robus-

157 715 266 765 tius
299 712 658 763 communitas
702 711 921 760 minime
962 716 1291 776 receperunt.
1331 712 1532 776 Regem
1565 716 1749 762 autem
1781 711 1857 777 ip-

156 813 293 854 sum,
334 811 496 860 quem
533 794 645 859 jam
685 798 867 843 tamen
906 792 1133 843 mentisb
1171 793 1432 858 impotem
1471 798 1524 843 et
1570 789 1861 858 prudencia

156 882 425 928 exsortem
465 877 671 926 factum
712 875 873 925 fuisse
914 875 1163 934 diximus,
1206 891 1329 924 cum
1369 875 1607 925 exercitu
1645 875 1860 926 validis-

156 960 308 1018 sim0,
339 958 664 1008 contractis⁶
693 957 866 1007 tocius
893 973 1027 1021 pene
1056 957 1203 1021 regni
1230 957 1449 1016 viribus,
1481 962 1607 1007 ante
1634 958 1860 1007 Atreba-

157 1047 278 1091 tum
306 1042 576 1090 duxerunt
592 1039 626 1098 1,
659 1039 751 1104 qui
779 1039 833 1087 in
861 1039 1099 1088 exercitu
1126 1055 1222 1088 suo
1251 1047 1328 1088 cm
1356 1044 1687 1089 armatorum
1714 1039 1862 1089 mih'a

157 1122 315 1173 tumd
353 1122 606 1173 asseritur
644 1121 909 1179 habuisse,
951 1126 1005 1170 et
1044 1120 1119 1169 ibi
1158 1137 1251 1185 per
1290 1121 1495 1186 aliquot
1533 1121 1862 1171 ebdomadas

159 1204 531 1255 castrametati
561 1207 703 1253 sunt.
739 1202 873 1251 Cum
902 1218 1029 1251 vero
1061 1202 1202 1252 cives
1233 1219 1326 1267 per
1356 1203 1578 1252 nuncios
1620 1219 1754 1267 quos
1792 1204 1861 1252 ad

159 1303 337 1352 regem
390 1285 728 1335 destinarunt
794 1285 1176 1349 profiterentur
1231 1284 1511 1333 civitatem
1562 1285 1709 1333 illam
1761 1285 1862 1334 sibi

165 1369 378 1418 fidelem
414 1373 577 1432 atque
615 1366 954 1415 obedientem
1002 1382 1112 1415 esse
1150 1365 1418 1430 nichilque
1454 1366 1668 1415 subesse
1704 1382 1861 1416 cause

161 1455 381 1516 propter
405 1465 569 1514 quam
594 1465 698 1506 eos,
726 1448 944 1496 minime
970 1447 1070 1497 sibi
1096 1448 1347 1497 adversos
1363 1455 1395 1506 2,
1421 1448 1581 1497 armis
1605 1448 1862 1512 impetere

160 1532 446 1590 debuisset,
493 1531 843 1580 obtinuerunt
890 1535 950 1578 ut
997 1545 1105 1588 rex,
1151 1530 1327 1578 soluta
1364 1529 1654 1588 obsidione,
1697 1529 1860 1579 disce-

159 1615 307 1663 deret
324 1614 357 1663 2.

760 1790 1176 1840 CAPITULUM
1214 1791 1260 1838 V

277 1928 554 1975 DIREPoio
593 1939 662 1973 ET
700 1937 1011 1973 CALAMITAS
1050 1937 1323 1972 CIVITATIS
1362 1923 1741 1981 SUEssmNUM,

510 2009 987 2056 BURGUNDIONUM
1025 2019 1161 2055 DUCI
1201 2005 1510 2054 FAVENT1s3

230 2143 378 2192 Inter
410 2142 540 2190 alias
570 2156 696 2190 vero
721 2140 867 2204 regni
896 2139 1248 2190 calamitates,
1273 2155 1382 2188 non
1408 2139 1720 2189 omittemus
1731 2141 1760 2176 f
1788 2140 1861 2188 la-

159 2223 507 2274 mentabilem
540 2238 723 2272 casum
755 2221 992 2271 civitatis
1025 2220 1367 2270 Suessionum
1398 2221 1605 2279 referre,
1641 2221 1862 2286 antique

160 2306 379 2372 quidem
413 2310 575 2370 atque
610 2303 1010 2369 opulentissime
1044 2302 1190 2352 urbis
1224 2307 1277 2352 et
1312 2319 1415 2367 que
1450 2303 1576 2352 olim
1610 2308 1773 2368 caput
1808 2309 1862 2353 et

160 2389 310 2439 sedes
354 2387 502 2453 regni
547 2387 762 2436 fuerat&
807 2385 1024 2434 alterius
1072 2384 1303 2434 filiorum
1340 2384 1475 2449 regis
1517 2384 1859 2443 Clodoveis24,

160 2470 319 2536 primi
338 2485 405 2518 ex
425 2470 753 2518 Francorum
772 2467 983 2532 regibus
1004 2466 1294 2516 christiani.

223 2624 265 2650 a.
285 2611 574 2650 adherebant
593 2611 645 2649 P.
665 2633 724 2637 —-—
745 2610 781 2648 b.
802 2620 942 2660 quem
959 2612 1063 2647 tum
1082 2607 1250 2647 mentis
1268 2608 1322 2647 P.
1341 2630 1401 2634 -—
1417 2619 1451 2645 ε.
1473 2608 1713 2646 contracto
1733 2605 1786 2644 P.
1805 2626 1864 2632 —

162 2671 205 2710 d.
226 2670 356 2710 Dans
379 2670 663 2722 l’interligne,
689 2670 738 2709 de
763 2669 806 2708 la
829 2669 955 2708 main
978 2669 1027 2707 de
1051 2668 1254 2713 Famem,
1281 2667 1515 2706 au-dessus
1538 2666 1588 2705 de
1611 2668 1770 2704 tamen
1792 2676 1863 2703 ex-

164 2730 365 2782 ponetue',
388 2742 440 2769 en
467 2731 517 2770 G.
539 2752 598 2757 —-
616 2742 650 2769 e.
673 2728 960 2769 adversarios
981 2729 1034 2767 P.
1054 2750 1114 2755 —
1131 2728 1163 2777 f.
1195 2727 1468 2767 omittamus
1500 2726 1553 2765 P.
1573 2747 1633 2753 —
1659 2736 1698 2775 g.
1723 2723 1864 2763 fuerit

169 2790 206 2829 G
225 2793 264 2830 et
286 2791 338 2830 P.
361 2813 421 2818 —
442 2790 481 2829 h.
506 2789 741 2829 Clodovici
763 2789 816 2828 P.
839 2811 898 2816 —

227 2934 263 2963 1.
290 2924 354 2963 Le
377 2922 498 2975 siege
522 2923 710 2963 d'Arras
735 2933 1004 2973 commenea
1026 2921 1067 2961 le
1092 2921 1147 2959 28
1171 2920 1323 2972 juillet
1351 2931 1478 2970 1414.
1505 2918 1544 2957 Il
1567 2917 1720 2958 aurait
1744 2917 1864 2956 done

161 2983 225 3024 dfi
247 2984 343 3023 etre
364 2983 631 3023 mentionne
652 2981 784 3034 apres
805 2982 845 3021 le
865 2993 942 3021 sae
962 2981 1018 3020 de
1040 2980 1260 3026 Soissons,
1284 2979 1365 3031 qui
1384 2979 1472 3018 tait
1491 2977 1654 3029 l'objet
1674 2978 1736 3016 du
1757 2977 1863 3016 cha-
