2071 3302
265 250 356 279 110
479 248 611 290 QUID
649 253 668 278 ((
690 249 965 299 ἱΒΙίΙΕἷιτΑΝΒΙ
1003 253 1021 276 ))
1055 249 1112 279 ΙΝ
1149 249 1474 280 NORMANNIA
1509 249 1744 281 EGERINT

266 362 468 421 sedem,
509 361 583 412 eis
620 361 833 428 prebuit
848 362 883 412 1.
924 363 1070 411 Dum
1106 361 1248 410 enim
1284 362 1423 411 inter
1460 378 1514 412 se
1552 363 1616 412 de
1653 363 1961 428 hujusmodi

262 443 544 508 Brigandis
598 448 958 509 quererentur,
1016 443 1471 509 colloquendoque
1526 460 1961 510 unumquemque

265 541 449 574 eorum
479 525 571 590 qui
600 541 780 575 mense
811 525 1065 575 astabant
1094 526 1457 590 requirerent&
1490 530 1552 575 ut
1582 542 1735 575 suam
1765 526 1962 576 diceret

266 606 585 671 opinionem,
617 622 853 671 quanam
881 606 970 655 via
998 622 1091 655 seu
1118 606 1327 671 ingenio
1355 606 1725 671 hujuscemodi
1752 607 1961 672 nequis-

265 687 459 736 simum
480 687 760 736 hominum
781 703 946 752 genus
969 703 1000 736 a
1021 687 1192 752 patrie
1218 688 1414 737 finibus
1436 688 1600 736 arceri
1621 693 1815 753 posset,
1841 704 1963 738 cum

263 769 629 834 unusquisque
661 770 971 834 Anglorum,
1007 785 1145 819 unus
1177 785 1357 828 unam,
1394 770 1528 819 alius
1561 770 1721 819 aliam
1753 774 1960 819 senten-

263 850 402 900 ciam
433 851 669 910 dixisset,
704 852 926 901 tandem
957 851 1027 900 ad
1056 851 1206 900 illum
1236 852 1439 901 bonum
1469 852 1843 917 presbyterum
1873 853 1960 902 de-

263 937 489 982 ventum
519 938 617 983 est.
643 932 762 998 Qui,
792 933 1078 998 requisitus
1108 938 1171 982 ut
1201 933 1312 998 ipse
1344 949 1496 983 suam
1531 934 1730 982 eciam‘)
1763 933 1960 983 diceret

262 1015 612 1073 sentenciam,
657 1016 841 1065 multis
885 1015 1132 1080 quidemss
1178 1015 1463 1080 propositis
1504 1015 1958 1074 excusacionibus‚

260 1098 486 1161 rogabat
507 1101 568 1146 ut
589 1097 690 1146 sibi
709 1098 870 1146 velud
888 1113 1065 1146 rerum
1085 1097 1276 1146 talium
1295 1097 1478 1162 ignaro
1500 1102 1662 1162 atque
1682 1097 1961 1162 inexperto

261 1185 583 1242 parceretur,
611 1194 732 1227 cum
759 1194 855 1227 nec
881 1177 1197 1227 sacerdotali
1223 1178 1538 1243 professioni
1561 1178 1866 1228 conveniret
1896 1179 1960 1228 de

262 1259 453 1308 talium
502 1259 920 1309 facinorosorum
968 1259 1239 1325 suppliciis
1291 1260 1601 1325 disceptare.
1654 1260 1788 1309 Cum
1835 1276 1961 1309 vero

263 1341 637 1391 nichilominus
659 1346 935 1406 urgeretur
959 1346 1020 1391 ut
1049 1342 1376 1391 sentenciam
1405 1342 1618 1401 diceret,
1642 1346 1831 1407 rogata
1858 1341 1961 1407 pri-

262 1439 413 1472 mum
440 1439 501 1472 ac
528 1424 805 1488 postulata
830 1424 990 1473 venia
1015 1428 1092 1482 ut,
1123 1424 1165 1473 si
1192 1423 1323 1488 quid
1348 1424 1600 1473 insuleius
1627 1424 1840 1482 diceret,
1870 1439 1962 1473 sue

262 1505 564 1570 ignorancie
614 1510 934 1570 parceretur,
988 1522 1091 1571 que
1142 1506 1210 1554 ab
1262 1505 1508 1555 omnibus
1557 1505 1812 1570 quidemd
1857 1505 1962 1554 illic

263 1587 569 1637 astantibus
600 1603 851 1637 concessa
881 1587 1000 1646 fuit,
1034 1604 1202 1636 unum
1233 1588 1404 1637 solum
1434 1587 1604 1637 videri
1634 1587 1734 1637 sibi
1765 1587 1963 1652 apponi

262 1685 414 1733 posse
448 1674 612 1734 atque
646 1686 916 1734 superesse
949 1669 1242 1718 remedium
1275 1669 1427 1727 dixit,
1464 1669 1507 1718 si
1540 1669 1747 1734 Anglici
1779 1685 1963 1718 omnes

262 1750 436 1800 Gallia
469 1751 784 1800 excederent
827 1756 881 1800 et
923 1751 977 1800 in
1012 1751 1275 1816 Angliam,
1310 1752 1489 1800 natale
1524 1767 1707 1800 eorum
1741 1751 1958 1810 solume,

261 1832 493 1881 redirent
514 1848 524 1892 ;
550 1837 679 1882 tunc
701 1832 857 1891 enim,
882 1833 1066 1897 procul
1087 1833 1266 1891 dubio,
1290 1833 1418 1898 ipsis
1443 1833 1779 1892 abeuntibuS,
1804 1833 1962 1882 simul

261 1919 314 1962 et
346 1914 602 1979 Brigandi
635 1914 689 1963 in
725 1919 866 1963 terra
899 1931 1010 1964 esse
1049 1915 1403 1964 desinerents.
1438 1915 1594 1980 Quod
1627 1914 1962 1964 verissimum

261 1996 410 2044 soree?
436 2001 624 2061 postea
649 2001 982 2061 compertum
1009 1996 1127 2046 fuit.
1157 1997 1299 2045 Nam
1324 1996 1462 2045 illico
1486 2002 1547 2046 ut
1573 1996 1794 2061 Anglici,
1828 1997 1960 2045 Nor-

261 2078 479 2126 mannia
507 2078 679 2142 ejecti,
710 2079 779 2127 ad
809 2078 1023 2143 propria
1052 2078 1247 2127 reverti
1260 2078 1285 2108 't
1318 2078 1577 2143 compulsi
1611 2083 1752 2136 sunt,
1786 2077 1962 2142 patria

261 2159 376 2208 illol'
407 2160 677 2224 pestilenti
705 2159 983 2208 hominum
1012 2159 1350 2209 incommodo
1386 2160 1552 2209 libera
1584 2160 1795 2209 reddita
1827 2164 1907 2209 est
1925 2159 1957 2208 ².

263 2241 365 2305 Qui
391 2241 532 2289 enim
560 2257 626 2290 ex
657 2241 746 2290 illo
774 2241 1128 2290 latrocinandi
1157 2241 1328 2290 officio
1361 2246 1670 2306 supererant
1706 2242 1776 2306 (et
1804 2241 1962 2290 multi

262 2322 479 2387 quidem
502 2324 692 2388 erant),
714 2324 799 2372 vel
827 2323 881 2372 in
903 2323 1215 2372 numerums
1238 2323 1428 2372 milicie
1452 2328 1614 2388 atque
1637 2322 1741 2372 ads.-
1763 2323 1959 2387 stipen-

263 2405 351 2453 dia
377 2405 577 2470 recepti
605 2410 747 2463 sunt,
777 2405 862 2454 vel
889 2406 957 2454 ad
984 2406 1170 2454 domos
1196 2421 1318 2454 suas
1343 2409 1684 2463 revertentes,
1715 2420 1961 2469 agrorum

263 2487 469 2535 culture
487 2486 852 2545 intenderunt,
873 2492 984 2545 aut,
1005 2487 1048 2535 si
1066 2492 1236 2535 artem
1254 2487 1590 2544 didiscerant,
1612 2502 1678 2535 ex
1695 2502 1758 2535 ea
1774 2502 1959 2550 procu-

261 2584 375 2616 rare
406 2568 521 2626 sibi,
554 2567 832 2617 uxoribusl
865 2584 926 2617 ac
955 2569 1131 2617 liberis
1159 2568 1452 2617 necessaria
1479 2568 1590 2617 vite
1619 2572 1956 2617 curaverunt.

321 2734 359 2759 α.
381 2721 633 2773 requireret
652 2723 705 2761 P.
724 2745 782 2750 ——
803 2722 838 2761 b.
862 2721 919 2762 Ce
941 2727 1027 2762 mot
1046 2724 1158 2762 dans
1179 2723 1462 2774 l'interlz'gne,
1485 2723 1534 2761 de
1560 2722 1603 2761 la
1627 2721 1752 2760 main
1773 2722 1822 2760 de
1844 2720 1958 2759 l'au-

261 2784 367 2825 leur,
383 2794 434 2819 en
463 2782 513 2820 G.
529 2805 587 2808 —
604 2795 638 2821 c.
659 2782 859 2834 IVIanque
877 2796 930 2822 en
947 2784 998 2822 P.
1018 2806 1075 2811 ——
1095 2783 1134 2821 d.
1157 2783 1356 2835 llffcmque
1371 2795 1423 2822 en
1441 2783 1493 2821 P.
1509 2804 1568 2809 —
1584 2794 1617 2820 e.
1635 2781 1785 2820 solum
1799 2790 1959 2820 eorum

263 2841 315 2879 P.
342 2863 401 2867 —
428 2840 459 2889 j.
490 2841 765 2880 desisterent
792 2842 844 2881 P.
873 2865 931 2870 ——
958 2854 996 2892 g.
1025 2844 1225 2895 NIanque
1251 2855 1304 2881 en
1333 2843 1386 2881 P.
1415 2864 1474 2869 —
1502 2841 1542 2880 72.
1571 2841 1629 2880 Ce
1656 2844 1744 2879 mot
1772 2841 1884 2879 dans
1914 2839 1958 2878 la

261 2912 422 2951 marge,
447 2901 496 2939 de
518 2901 560 2939 la
581 2901 706 2939 main
728 2902 777 2940 de
798 2901 1001 2947 l'auteur,
1023 2915 1073 2940 ev
1102 2903 1152 2941 G.
1184 2925 1243 2929 —
1261 2901 1292 2941 τ’.
1314 2901 1418 2940 ilico
1440 2903 1492 2940 P.
1513 2923 1571 2928 —-
1595 2901 1629 2952 7'.
1653 2900 1710 2940 Ce
1738 2903 1825 2938 mot
1854 2898 1957 2938 derit

260 2964 344 3010 par
365 2959 556 2999 l’autem‘
577 2961 688 2999 dans
714 2974 776 2999 un
801 2962 927 3000 blanc
947 2961 1081 3001 luisse?
1100 2967 1184 3013 par
1205 2962 1240 3000 le
1262 2961 1437 3013 copiste,
1460 2973 1512 2999 en
1540 2961 1589 3000 G.
1613 2983 1671 2987 -—
1691 2960 1731 2998 k.
1756 2960 1956 3010 Manque

260 3031 311 3057 en
337 3019 389 3058 P.
411 3042 469 3046 —
491 3020 517 3058 l.
542 3020 857 3071 uxoribusque
881 3022 934 3060 P.
