2071 3302
247 225 337 270 242
594 223 666 253 DE
703 222 896 253 OPPIDO
933 222 1137 253 CALEsn
1175 222 1401 254 OBSEsso
1442 212 1601 269 (1436)

313 339 446 388 Cum
475 342 658 388 autem
692 337 836 406 intra
869 337 1180 401 hujusmodi
1207 337 1479 387 munitum
1518 354 1761 403 aggerem
1790 355 1950 404 quem

243 420 435 470 Franci
478 419 638 485 vulgo
689 418 948 469 bolleverta
988 435 1081 468 seu
1123 419 1416 469 bastilliam
1454 420 1730 485 appellant
1744 420 1779 480 1,
1819 421 1952 471 dicti

244 502 553 552 Gandenses
589 517 683 566 per
707 515 785 550 XV
820 516 985 565 prope
1011 500 1122 551 dies
1147 501 1422 551 stetissent
1448 507 1503 552 et
1534 502 1794 567 opidanos
1826 503 1949 552 inde

241 584 552 634 bombardis
591 599 652 632 ac
690 582 852 632 variis
889 582 1337 633 machinamentis
1375 584 1708 644 infestarent,
1750 585 1949 650 cogita-

241 671 368 715 runt
392 665 494 730 ipsi
518 665 718 715 obsessi
742 670 1025 730 quatenus
1053 665 1097 715 si
1121 671 1355 730 possent,
1384 666 1689 732 Flamingos
1713 683 1780 716 ex
1803 667 1950 717 dicta

241 747 543 797 municione
577 747 823 805 eicerent,
861 752 1064 796 certam
1097 747 1473 798 nichilominus
1506 764 1656 813 spem
1688 749 1949 799 habentes

242 830 306 878 de
333 829 574 879 adventu
609 829 855 894 proximo
881 828 1063 879 classis
1089 834 1253 895 atque
1279 830 1544 880 exercitus
1576 830 1826 890 militum,
1855 831 1949 896 qui

239 927 336 977 pro
371 927 468 961 sua
502 911 861 961 subvencione
897 916 1060 977 atque
1096 911 1295 961 auxilio
1341 912 1395 961 in
1437 912 1618 962 littore
1653 913 1948 978 Anglicano

239 991 623 1056 adparabatur.
655 992 903 1057 Quodam
931 992 1094 1058 igitur
1122 993 1223 1052 die,
1255 1010 1377 1043 cum
1406 994 1772 1058 explorassent
1801 994 1948 1059 prius

238 1073 439 1123 obsessi
474 1075 688 1138 qualem
724 1074 1026 1124 custodiam
1061 1091 1264 1140 quasve
1299 1076 1508 1140 vigilias
1543 1076 1771 1140 predicti
1806 1076 1947 1125 Gan-

238 1154 426 1205 denses
458 1155 512 1204 in
545 1155 692 1205 dicta
723 1172 821 1205 sua
853 1157 1200 1206 observarent
1221 1157 1540 1216 municione,
1566 1157 1796 1222 aggressi
1819 1162 1947 1208 sunt

236 1235 411 1300 ipsam
442 1235 803 1285 municionem
835 1253 1159 1302 expugnare.
1193 1238 1279 1287 Ad
1311 1254 1476 1302 quam
1508 1254 1562 1287 se
1596 1237 1947 1287 admoventes

237 1318 319 1366 etb
343 1319 512 1368 scalas
536 1319 605 1367 ad
628 1334 976 1368 conscensum
997 1320 1345 1384 applicantes,
1372 1320 1521 1369 nulla
1541 1320 1766 1369 inventa
1794 1319 1945 1369 resis-

222 1400 424 1460 tentia,
459 1400 633 1465 ipsam
663 1400 1003 1451 introierunt.
1041 1402 1104 1450 In
1136 1418 1245 1467 qua
1276 1418 1399 1451 cum
1432 1402 1753 1466 Flamingos,
1787 1401 1947 1451 nimis

236 1483 300 1540 de
333 1506 430 1540 sua
460 1488 827 1554 presumentes
858 1484 1162 1542 securitate,
1196 1483 1526 1533 invenissent
1558 1483 1689 1532 alios
1720 1499 1945 1547 sompno

233 1573 523 1637 indulgere,
560 1570 691 1619 alios
725 1566 1264 1618 commessacionibus
1298 1570 1352 1614 et
1386 1565 1778 1630 potacionibus‚
1815 1564 1947 1614 alios

234 1671 362 1705 vero
385 1659 580 1703 tessere
602 1652 689 1701 vel
711 1651 822 1700 alee
844 1650 995 1714 jactu
1018 1641 1194 1698 ocium
1216 1648 1466 1712 effugare,
1491 1647 1634 1712 ipsos
1655 1646 1732 1695 nil
1753 1646 1945 1695 talium

236 1736 592 1801 suspicanteS‚
647 1731 977 1797 improvidos
1028 1735 1082 1779 et
1134 1729 1296 1778 velud
1355 1728 1619 1777 attonitos
1677 1727 1945 1792 pecudum

235 1834 382 1868 more
407 1816 722 1882 jugularunt
749 1817 803 1863 et
830 1813 1239 1862 obtruncarunt.

305 1899 470 1964 Cujus
497 1895 777 1947 infortunii
805 1911 927 1945 cum
954 1894 1100 1942 fama
1127 1892 1315 1943 statim
1341 1891 1742 1966 Flamingorum
1769 1895 1946 1940 castra

235 1982 509 2047 implesset
545 1978 809 2042 simulque
833 1976 1003 2026 eciam
1035 1975 1180 2040 quod
1212 1974 1434 2039 quidam
1458 1989 1524 2022 ex
1559 1972 1687 2038 ipsis
1710 1970 1946 2036 Anglicis

237 2063 526 2114 scurriliter
553 2060 681 2126 ipsis
710 2058 1001 2123 Flamingis
1040 2056 1305 2106 insultans
1333 2072 1422 2105 eos
1458 2054 1559 2104 sibi
1586 2054 1945 2103 venumdatos

238 2150 293 2193 et
346 2143 506 2209 paulo
559 2145 682 2206 post
737 2138 1026 2189 tradendos
1078 2136 1486 2200 liberandosque
1540 2134 1941 2192 acclamassent,

240 2242 410 2291 pavor
432 2238 658 2289 magnus
681 2220 1030 2285 mesticiaque
1053 2219 1291 2284 ipsorum
1315 2217 1714 2281 Flamingorum
1739 2215 1945 2265 animos

243 2307 423 2357 affecit
433 2322 452 2341 ‘²
468 2306 502 2355 2.

820 2472 1236 2523 CAPITULUM
1276 2471 1359 2519 IX

321 2613 608 2678 QUOMODO
644 2609 928 2657 FLAMINGI
965 2619 1039 2655 DE
1076 2618 1182 2654 SUA
1217 2617 1523 2653 OBSIDIONE
1558 2615 1864 2652 FUGERUNT

310 2747 584 2809 Factaque
614 2743 776 2807 vulgo
807 2741 947 2789 inter
976 2738 1154 2804 ipsosd
1186 2737 1612 2788 conclamacione
1639 2741 1693 2785 et
1725 2735 1944 2784 fremitu

241 2843 436 2893 magno
473 2825 619 2891 quod
652 2823 898 2873 hostibus
934 2820 1194 2886 prodendi
1231 2818 1584 2883 tradendique
1631 2821 1807 2867 essent
1851 2832 1944 2865 au-

303 2997 343 3023 a.
365 2981 628 3022 bolleverch
648 2979 701 3018 P.
723 3001 782 3006 —
803 2978 840 3017 b.
862 2978 935 3016 En
961 2988 1123 3027 marge,
1146 2976 1196 3014 de
1221 2976 1265 3014 la
1289 2973 1413 3013 main
1433 2974 1482 3012 de
1508 2972 1710 3017 l'auteur,
1733 2984 1786 3011 en
1813 2971 1863 3011 G.
1884 2993 1944 2999 —

241 3056 276 3083 c.
301 3041 456 3083 affecit
476 3039 654 3081 animos
675 3038 728 3078 P.
751 3060 810 3065 —
829 3038 870 3076 d.
893 3048 969 3076 eos
989 3036 1042 3075 P.
