2071 3302
191 231 281 276 272
496 230 568 261 DE
604 230 900 261 PONTISARA
934 230 968 261 A
1004 229 1228 261 FRANCIS
1264 229 1588 262 EXPUGNATA

189 343 381 394 turrim
427 343 821 394 firmissimam1
857 359 960 408 que
1001 343 1154 408 jactu
1194 348 1469 408 petrarum
1511 344 1567 393 in
1609 345 1892 395 excelsiore

188 430 342 490 parte
375 425 556 475 diruta
587 415 780 484 fuerat,
816 425 1128 490 factumque
1161 425 1216 474 in
1249 441 1312 475 ea
1344 425 1584 475 foramen
1617 426 1748 476 satis
1778 443 1891 476 ma-

187 523 369 572 gnum.

255 589 395 638 Tum
422 589 602 639 videre
642 589 794 638 erat2
821 588 1054 638 Francos
1093 588 1318 638 viriliter
1353 593 1407 638 et
1444 589 1680 639 animose
1720 590 1889 640 scalas

187 670 318 721 alios
358 671 657 729 ascendere,
697 670 828 719 alios
866 670 1112 728 arcubUS,
1152 670 1360 720 balistis
1398 675 1452 720 et
1492 671 1887 730 bombardellis,

187 768 321 817 quas
358 752 660 801 colubrinas
695 756 749 801 et
787 751 1119 816 serpentinas
1146 757 1362 811 vocant,
1391 752 1626 802 letiferos
1662 753 1892 802 telorum

186 838 240 883 et
268 834 511 898 lapidum
537 834 716 898 jactus
743 833 798 882 in
827 833 1129 883 defensores
1156 833 1296 882 muri
1324 834 1660 899 turriumque
1689 835 1891 899 absque

185 916 294 964 ulla
339 915 729 965 intermissione
778 915 1026 973 mittere,
1067 931 1094 963 e
1133 920 1322 964 contra
1358 916 1559 980 Anglos
1597 916 1892 966 defensioni

185 997 442 1056 insistere,
477 997 794 1047 scandentes
824 998 1005 1047 hostes
1037 997 1255 1055 deicere,
1289 997 1344 1045 in
1375 1013 1464 1047 eos
1494 997 1714 1062 lapides,
1748 998 1892 1062 ligna

185 1084 239 1128 et
278 1094 434 1128 omne
473 1079 703 1128 telorum
740 1094 906 1143 genus
943 1078 1251 1136 immittere,
1293 1079 1561 1128 ferventes
1599 1095 1767 1143 aquas
1804 1079 1891 1128 vel

185 1176 319 1224 quas
355 1159 593 1209 invenire
631 1164 849 1224 possent
898 1159 1246 1224 pinguedines
1290 1160 1532 1210 incensas
1570 1160 1791 1210 fundere
1829 1177 1890 1210 ac

184 1257 445 1306 spargere,
481 1257 578 1306 pro
611 1241 744 1299 vita,
781 1257 877 1306 pro
912 1241 1085 1290 salute
1117 1257 1226 1290 non
1261 1241 1491 1306 segniter
1524 1242 1794 1292 decertare
1829 1259 1891 1292 ac

184 1323 436 1373 dimicare
467 1324 691 1388 (certum
715 1323 857 1372 enim
881 1328 997 1372 erat
1021 1323 1095 1372 eis
1118 1323 1278 1373 victis
1301 1339 1409 1372 non
1433 1324 1755 1388 sperandam
1778 1340 1890 1374 esse

183 1421 279 1470 pro
311 1405 537 1470 pecunia
566 1405 1011 1469 redempcionem,
1046 1405 1138 1454 sed
1179 1405 1428 1470 mortem)
1470 1421 1567 1455 nec
1597 1422 1693 1470 pro
1723 1406 1891 1471 gloria

182 1492 303 1536 uter
337 1487 624 1552 imperaret
659 1496 787 1537 seua
825 1487 999 1536 victor
1033 1487 1302 1545 evaderet,
1340 1487 1434 1537 sed
1467 1492 1589 1537 uter
1623 1492 1891 1553 superstes

182 1574 439 1627 maneret,
469 1569 744 1618 imminere
771 1574 1057 1618 certamen.

250 1651 419 1715 Atqui
449 1651 690 1715 profecto
721 1651 898 1715 jactus
928 1650 1014 1699 ille
1046 1651 1290 1700 assiduus
1320 1651 1774 1716 creberrimusque
1805 1668 1889 1701 co-

181 1732 515 1781 lubrinarum
555 1748 616 1781 ac
656 1732 1084 1796 serpentinarum
1123 1732 1263 1781 vires
1303 1733 1615 1797 animosque
1655 1733 1890 1798 Anglicis

182 1814 338 1878 fregit
370 1819 534 1878 atque
567 1814 809 1863 abstulit.
843 1814 984 1862 Nam
1016 1813 1298 1878 quociens0
1331 1830 1442 1864 sese
1481 1815 1551 1863 ad
1593 1815 1887 1880 propellen-

181 1896 311 1944 dum
346 1895 438 1961 qui
473 1896 643 1945 scalas
690 1896 1120 1945 conscendebant
1164 1896 1452 1954 obicerent,
1490 1901 1605 1945 tam
1639 1901 1888 1961 expertos

179 1977 320 2027 illius
359 1977 490 2027 artis
528 1977 814 2042 magistros
852 1994 946 2026 rex
983 1977 1238 2035 habebat,
1280 1982 1359 2036 ut,
1402 1994 1794 2043 quemcumque
1833 1978 1888 2027 in

179 2075 333 2109 muro
368 2059 455 2109 Vel
490 2059 625 2108 turri
661 2059 939 2108 advertere
975 2059 1293 2124 potuissent,
1332 2059 1472 2109 illico
1494 2060 1619 2109 sine
1654 2060 1888 2109 remedio

179 2141 330 2205 jactu
357 2141 550 2206 lapidis
578 2142 889 2191 necabatur.
923 2141 1216 2190 Ferebatur
1245 2142 1313 2190 ab
1349 2141 1451 2191 hiis
1479 2141 1572 2206 qui
1602 2158 1714 2190 rem
1741 2141 1887 2191 vide-

179 2228 319 2282 rant,
343 2223 504 2287 quod,
530 2239 652 2272 cum
679 2223 748 2272 ad
769 2223 1162 2288 prohibendum
1182 2223 1477 2288 ingressum
1498 2239 1682 2273 eorum
1704 2223 1797 2288 qui
1818 2224 1887 2273 ad

180 2305 473 2369 quamdam
521 2305 910 2355 validissimam
957 2305 1150 2354 turrim
1199 2305 1577 2363 ascendebant,
1630 2306 1699 2354 ad
1747 2306 1885 2354 fora-

179 2403 302 2435 men
323 2403 431 2451 qua
450 2387 781 2452 ingrediendi
801 2386 891 2436 via
911 2387 1153 2451 patebat,
1176 2387 1385 2451 Anglici
1412 2403 1580 2451 usque
1602 2387 1671 2436 ad
1702 2403 1885 2436 nume-

178 2484 298 2517 rum
333 2472 483 2526 ‚XV'1.,
518 2469 611 2532 qui
641 2485 702 2517 eo
735 2469 909 2533 quod‘·
941 2468 1046 2517 illic
1076 2468 1310 2517 maxime
1341 2468 1637 2533 periculum
1670 2484 1885 2533 presens

179 2565 290 2599 esse
312 2550 619 2607 cernebant,
643 2550 938 2599 successive
960 2566 1098 2598 unus
1119 2554 1242 2613 post
1265 2550 1494 2598 alterum
1516 2549 1883 2607 accurrissent,

180 2647 362 2680 omnes
408 2631 651 2696 lapidum
697 2631 894 2680 ictibus
941 2631 1137 2680 fuissed
1185 2647 1460 2695 percussos
1508 2632 1882 2696 dejectosque;

180 2728 313 2777 quos
340 2717 393 2761 et
421 2713 613 2762 Franci
639 2712 995 2777 ingredientes
1021 2712 1126 2761 illic
1153 2713 1207 2760 in
1234 2729 1342 2762 uno
1369 2728 1560 2762 acervo
1586 2718 1885 2777 prostratos

178 2795 522 2858 jacentesque
554 2795 891 2844 invenerunt.
926 2795 993 2843 Vi
1023 2794 1186 2859 igitur
1217 2795 1650 2859 Francorumque
1683 2794 1884 2843 animo-

239 2967 279 2992 a.
301 2955 381 2993 sed
402 2955 455 2993 P.
476 2977 535 2982 —-
557 2955 595 2993 b.
617 2955 799 3006 quoties
820 2956 875 2994 P.
895 2978 953 2982 —
973 2967 1007 2993 c.
1031 2955 1112 2994 Ces
1132 2955 1238 2994 trois
1259 2958 1368 2994 mots
1388 2955 1501 2993 dans
1521 2955 1565 2994 la
1584 2966 1747 3006 marge,
1770 2954 1819 2993 de
1840 2954 1884 2992 la

179 3013 303 3052 main
321 3013 370 3052 de
388 3014 592 3059 l’auteur,
611 3027 663 3053 en
687 3015 738 3054 G.
757 3038 816 3042 —
832 3016 872 3054 d.
893 3015 1094 3066 stlanque
1111 3027 1163 3053 en
1182 3015 1236 3054 P.
