2071 3302
184 251 278 294 270
489 249 562 280 DE
597 249 894 300 PQNTISARA
929 251 963 281 A
999 250 1222 282 FRANCIS
1258 251 1584 282 EXPUGNATA

182 363 265 412 sui
293 363 490 413 milites
521 379 731 414 annone
756 364 1132 414 difficultatem
1160 380 1268 413 non
1299 380 1525 429 parvam
1554 370 1885 429 paterentur,

181 445 402 506 propter
433 441 732 506 adjacentis
763 442 1036 506 provincie
1067 443 1386 492 vastitatem
1419 458 1481 492 ac
1509 443 1886 502 desercionem,

180 534 347 584 prope
371 519 475 569 fuit
500 524 578 579 ut,
606 519 852 569 inefficax
876 520 1076 578 abiem,
1104 536 1258 570 suam
1282 520 1511 570 solveret
1537 520 1885 570 obsidionem.

181 597 621 662 Verumptamen,
651 613 774 646 cum
794 597 902 647 suis
929 598 1155 648 ducibus
1179 598 1370 647 habita
1389 614 1547 663 super
1571 599 1673 648 hoc
1693 599 1887 648 delibe-

181 675 408 733 racione,
452 675 693 724 omnium
731 675 787 723 in
826 676 927 724 hoc
967 676 1240 725 sentencia
1278 676 1474 725 resedit
1514 677 1675 740 quod,
1718 677 1887 742 prius-

181 768 346 817 quam
370 752 426 802 id
450 753 667 812 faceret,
693 753 825 803 totis
848 753 1053 803 viribus
1078 753 1300 818 opidum
1325 754 1700 818 aggrederetur
1723 770 1887 820 expu-

180 846 359 895 gnare,
391 846 475 889 ne,
508 831 552 880 si
589 831 693 880 ita⁰
724 832 825 881 hoc
854 831 1074 881 minime
1105 836 1436 897 attemptato
1466 832 1776 891 discederet,
1809 832 1887 881 in-

180 908 409 973 glorium
442 909 600 959 nimis
635 914 689 959 et
725 909 1076 959 dedecorum12
1112 909 1213 959 sibi
1246 914 1589 975 reputaretur
1621 909 1677 959 in
1710 915 1887 975 poste-

179 1002 301 1036 rum
327 1002 336 1036 :
364 1003 458 1052 per
480 987 626 1052 quod
650 987 964 1038 animositas
986 988 1161 1053 major
1183 993 1237 1037 et
1262 987 1488 1037 audacia
1510 988 1757 1038 hostibus
1779 987 1889 1038 suis

181 1064 539 1114 verisimiliter
564 1071 900 1115 accresceret.

753 1280 1170 1331 CAPITULUM
1208 1281 1312 1330 XV

416 1415 793 1464 EXPUGNAcro
832 1415 1155 1464 PONTISARE
1192 1428 1301 1464 PER
1340 1415 1644 1474 KAROLUM,

736 1496 1094 1546 FRANcoRUM
1134 1510 1327 1546 REGEM

251 1629 518 1678 Parantur
549 1630 734 1694 itaque
767 1629 948 1679 omnia
978 1630 1132 1679 belliC
1164 1631 1602 1680 machinamenta
1634 1630 1703 1679 ad
1736 1630 1886 1679 inva-

181 1708 417 1756 dendum
445 1708 971 1772 expugnandumque
998 1708 1176 1772 ipsum
1204 1709 1441 1773 opidum,
1472 1709 1618 1773 quod
1645 1708 1886 1773 profecto

178 1785 439 1844 menibus,
475 1786 618 1835 vallo
651 1790 815 1850 atque
848 1787 1086 1836 turribus
1118 1791 1172 1835 et
1205 1787 1618 1851 propugnaculis
1650 1791 1765 1835 erat
1801 1787 1886 1835 fir·

177 1863 477 1913 missimum
503 1863 852 1928 plurimisque
879 1864 1140 1914 machinis
1167 1864 1292 1913 belli
1325 1870 1380 1914 et
1417 1865 1679 1914 militibus
1705 1864 1886 1929 Angli-

177 1941 252 1990 cis
277 1942 507 2006 amplius
530 1942 674 1991 mille
699 1947 753 1991 et
779 1942 1023 1992 ducentis
1047 1943 1205 1992 valde
1229 1942 1518 1992 munitum.
1547 1943 1885 2007 Contempla-

178 2026 268 2068 tur
301 2036 411 2078 rex,
449 2020 551 2069 loci
585 2020 946 2070 municionem
982 2021 1281 2086 explorans,
1320 2037 1429 2086 qua
1463 2026 1616 2086 parte
1652 2036 1884 2070 commo-

178 2097 297 2146 dius
321 2098 635 2162 faciliusque
659 2098 890 2148 insultus
915 2099 1031 2148 dari
1054 2104 1108 2148 et
1133 2099 1318 2164 perfici
1342 2092 1538 2164 posset.
1564 2099 1650 2148 Ad
1674 2103 1885 2164 partem

176 2176 324 2224 illam
364 2192 578 2240 aggeres
610 2176 977 2235 extruunturd,
1014 2178 1355 2242 applicantur
1386 2182 1673 2235 tormenta,
1708 2181 1884 2242 petra-

176 2253 250 2301 rie
289 2254 649 2303 admoventur
685 2255 919 2304 maxime
957 2261 1011 2304 et
1049 2255 1392 2313 validissime,
1433 2271 1662 2320 quarum
1700 2255 1884 2304 crebro

177 2332 328 2395 jactu
361 2337 415 2381 et
450 2333 682 2382 terrifico
718 2333 1044 2397 quaciuntur
1076 2333 1230 2391 muri,
1268 2339 1441 2383 turres
1474 2333 1797 2398 franguntur
1829 2337 1883 2382 et

178 2411 579 2477 propugnacula
612 2411 963 2470 deiciuntur1‚
994 2416 1071 2470 ut,
1104 2412 1250 2461 intus
1282 2411 1638 2461 existentibus
1669 2411 1885 2460 sublata

179 2487 499 2536 defendendi
524 2489 925 2546 commoditate,
951 2489 1409 2553 expugnatoribus
1434 2494 1597 2553 atque
1621 2488 1883 2538 insultum

178 2565 433 2615 dantibus
461 2565 791 2630 ingrediendi
819 2567 874 2615 in
903 2567 1124 2631 opidum
1152 2566 1383 2616 facilitas
1410 2567 1736 2631 preberetur.
1768 2566 1882 2630 Que

178 2659 300 2691 cum
328 2643 407 2692 ita
436 2644 718 2693 tormentis
747 2649 801 2693 et
831 2644 1076 2709 petrariis
1105 2644 1359 2693 factitata
1386 2649 1579 2703 essent,
1610 2649 1672 2694 ut
1702 2644 1883 2693 aditus

178 2721 395 2771 Francis
422 2727 639 2786 apertus
665 2722 953 2781 videretur,
982 2723 1037 2770 in
1062 2722 1266 2771 vallum
1293 2723 1491 2772 alacres
1517 2722 1760 2780 exiliunt,
1790 2721 1881 2771 ad-

179 2806 399 2849 movent
441 2800 609 2850 scalas
651 2801 721 2849 ad
761 2801 1142 2859 scandendum,
1187 2800 1435 2865 precipue
1477 2801 1546 2849 ad
1587 2800 1881 2865 quamdam

238 2961 278 2986 α.
310 2948 510 3000 ῘῑῙαηςαε
544 2961 597 2987 en
632 2949 685 2988 P.
720 2972 779 2977 -—
814 2950 852 2988 b.
887 2949 1158 2988 indecorum
1183 2949 1237 2988 Ρ.
1266 2971 1325 2977 -
1352 2961 1386 2988 c.
1418 2948 1527 2988 belli
1559 2948 1716 2988 omnia
1747 2949 1800 2987 P.
1821 2968 1883 2976 —

176 3008 215 3045 d.
242 3006 480 3046 instruunt
502 3008 555 3046 P.
