2071 3302
234 181 328 234 246
631 191 890 223 FLAMINGI
927 192 1261 224 OBSIDIONEM
1298 193 1540 226 SOLVUNT

233 304 589 354 communiter
616 321 728 355 esse
757 307 928 356 solent
960 307 1266 372 pariterque
1294 308 1560 368 robusto«,
1592 309 1934 360 animositate

233 381 401 431 eciam
421 383 552 433 satis
571 383 821 433 instructi
840 389 1004 449 atque
1024 385 1182 450 pleni.

300 461 503 510 Eorum
532 465 715 510 autem
743 462 991 512 dominus
1017 463 1462 528 Burgundionum
1491 465 1602 514 dux
1629 465 1818 516 videns
1845 482 1934 516 eos

230 537 309 587 ita
350 539 556 597 abiisse,
600 539 769 588 eciam
808 540 920 605 ipse
962 540 1030 589 ad
1071 557 1228 590 suum
1269 542 1573 592 Insulenseb
1614 543 1836 608 opidum
1880 560 1934 594 se

229 616 429 680 recepit
445 616 480 666 1.
529 617 677 666 Illico
722 622 905 667 autem
950 619 1019 667 ad
1063 619 1269 668 dictum
1314 620 1502 669 Calesii
1546 621 1768 686 opidum
1811 638 1934 671 cum

230 694 394 743 classe
428 694 747 744 adventavit
782 695 893 745 dux
926 695 1255 756 Glossestrie‚
1290 702 1517 762 patruus
1550 699 1768 749 Henrici
1798 700 1935 765 regis
2003 730 2005 733 -

230 776 485 836 tutorque
521 777 651 822 tunc
696 773 751 821 in
786 774 979 839 Anglia
1012 775 1301 840 regnantis.
1340 775 1443 840 Qui
1477 793 1600 826 cum
1635 777 1704 826 ad
1749 777 1935 827 littora

230 849 543 900 Calisiorum
584 867 742 901 suum
783 852 1114 917 deposuisset
1156 854 1466 913 exercitum,
1511 855 1824 905 estimatum
1865 856 1934 905 ad

229 935 352 977 xvm
387 929 641 988 virorum,
688 935 803 979 tam
846 931 1091 996 equitum
1137 948 1301 996 quam
1348 932 1608 997 peditum,
1648 949 1802 999 agros
1836 934 1933 983 vil-

227 1006 412 1071 lasque
445 1007 692 1057 Flandrie
724 1009 1034 1073 populando
1065 1010 1503 1075 incendendoque
1534 1011 1688 1076 longe
1719 1012 1934 1077 lateque

228 1085 486 1134 vastavit.
520 1086 620 1134 Per
651 1086 782 1135 fines
811 1087 952 1135 enim
983 1087 1387 1137 Casselanorum
1415 1105 1584 1153 usque
1614 1089 1683 1138 ad
1712 1090 1933 1154 opidum

229 1162 364 1226 Ypri
394 1163 575 1212 omnia
606 1163 904 1228 diripiendo
936 1170 989 1214 et
1021 1166 1307 1215 cremando
1338 1171 1664 1231 pervagatus
1694 1172 1791 1226 est,
1824 1184 1933 1217 non

227 1240 503 1290 inveniens
528 1241 621 1306 qui
644 1257 698 1291 se
724 1243 793 1291 ad
816 1243 1172 1292 resistendum
1197 1249 1506 1308 opponeret.
1532 1245 1933 1295 Tantummodo

228 1318 350 1383 fuge
388 1319 618 1383 presidio
652 1336 764 1370 5656
791 1321 884 1385 qui
917 1321 1220 1386 potuissent
1257 1323 1598 1373 tutabantur.
1628 1323 1785 1388 Quod
1810 1340 1933 1374 cum

227 1396 454 1455 fecisset,
482 1398 746 1447 bonorum
771 1399 1217 1464 captivorumque
1242 1400 1396 1465 copia
1419 1401 1753 1466 permaxima
1776 1418 1933 1452 onus-

227 1478 316 1523 tus
352 1474 725 1541 farcitusque⁶‚
768 1477 837 1526 ad
865 1478 1081 1542 propria
1106 1478 1386 1528 incolumis
1417 1494 1539 1528 cum
1569 1495 1665 1529 suo
1696 1480 1933 1530 exercitu

226 1568 280 1601 se
305 1553 521 1618 recepit.

295 1631 367 1679 Et
395 1631 546 1681 talisd
573 1633 790 1697 quidem
817 1633 956 1683 illius
982 1649 1173 1698 magne
1200 1635 1560 1699 expedicionis
1593 1636 1933 1686 Flandrensis

226 1709 499 1772 profectus
539 1710 821 1776 exitusque
864 1711 1024 1770 fuere,
1070 1728 1172 1776 que
1213 1712 1588 1763 nichilominus
1629 1714 1798 1763 eciam
1839 1715 1932 1764 diu

226 1791 349 1850 post
390 1788 671 1837 turbarum
711 1805 772 1838 ac
812 1789 1156 1848 sedicionum‚
1199 1791 1478 1854 presertim
1517 1791 1572 1839 in
1610 1791 1700 1841 illo
1739 1791 1932 1857 insigni

226 1864 386 1929 opido
413 1865 723 1930 Brugensi2‚
755 1867 1039 1916 materiam
1069 1868 1507 1933 occasionemque
1538 1869 1757 1929 attulit;
1789 1871 1930 1920 unde

224 1942 566 1993 incommoda
594 1949 648 1993 et
679 1945 1019 2004 detrimenta,
1053 1962 1156 2010 que
1187 1946 1396 1996 difficile
1427 1947 1664 1996 estimari
1692 1953 1928 2013 possent,

225 2020 433 2070 civibus
464 2022 566 2071 loci
597 2027 787 2087 postea
829 2029 1208 2088 provenerunt.
1245 2025 1358 2089 Que
1398 2041 1527 2084 cum
1553 2030 1707 2075 extra
1738 2026 1929 2091 princi-

224 2099 401 2163 palem
443 2105 622 2149 nostre
665 2102 990 2152 narracionis
1033 2102 1419 2152 intencioneme
1463 2120 1574 2153 esse
1623 2104 1926 2164 videantur,

223 2176 390 2226 lacius
414 2178 606 2227 referre
631 2179 731 2228 hoc
756 2180 872 2228 loco
899 2180 1226 2230 omittemus

819 2391 1235 2442 CAPITULUM
1274 2393 1327 2441 X

224 2514 311 2563 DE
333 2528 599 2576 QUATUOR
617 2530 995 2567 EXERCITIBUS
1015 2531 1088 2567 AB
1107 2519 1329 2567 ANGLIA
1348 2532 1546 2568 EODEM
1565 2533 1828 2570 TEMPORE
1847 2534 1924 2570 AD

645 2608 918 2645 DIVERSAS
956 2609 1291 2646 PROVINCIAS
1329 2610 1508 2647 MISSIS

292 2727 407 2776 Eas
442 2732 766 2793 tempestate
801 2734 855 2780 et
892 2730 1091 2780 eisdem
1133 2746 1267 2795 pene
1303 2730 1506 2790 diebus,
1544 2731 1717 2797 Angli,
1748 2737 1926 2797 preter

283 2883 323 2910 a.
347 2872 540 2912 robusta
560 2873 614 2912 P.
637 2895 697 2901 —-
719 2874 756 2913 b.
783 2874 840 2913 Ce
862 2878 949 2913 mot
970 2874 1074 2913 e'crit
1093 2880 1179 2926 par
1199 2875 1405 2921 sautem,
1424 2888 1478 2915 en
1504 2876 1553 2922 G,
1575 2877 1688 2915 dans
1709 2889 1772 2916 un
1795 2876 1921 2916 blanc

222 2929 358 2969 laisse‘
376 2936 463 2982 ραν
483 2932 520 2970 le
543 2933 720 2984 copiste.
743 2956 803 2961 ——
831 2946 865 2973 c.
889 2934 1179 2986 sarcitusque
1201 2935 1255 2974 P.
1278 2957 1338 2962 —
1358 2935 1399 2974 d.
1424 2935 1540 2974 tales
1562 2936 1616 2975 P.
1640 2958 1700 2964 —-
1719 2949 1754 2975 e.
1778 2936 1922 2987 Lepon

223 2990 272 3028 de
296 2990 365 3034 P,·
388 2990 660 3032 intentionis
684 2994 998 3033 narrationem
1027 2993 1077 3032 G.
1101 3016 1160 3021 —
1180 2994 1212 3042 j.
1237 2995 1399 3034 eadem
1420 2995 1474 3034 P.
