2071 3302
182 209 277 240 200
466 209 539 241 DE
574 210 820 243 DIVERSIS
856 211 915 242 IN
951 211 1277 244 NORMANNIA
1312 213 1605 247 STRAGIBUS

180 323 329 387 genti
359 324 567 389 equites
597 326 696 374 sub
727 325 965 390 quodam
994 326 1336 391 impiissimo⁰
1367 328 1650 393 capitaneo
1685 329 1771 379 cui
1800 346 1886 380 co-

180 420 411 469 gnomen
443 411 558 455 erat
597 406 844 457 Venables
858 407 894 466 1,
927 408 1311 459 nefandissima
1345 410 1581 460 faccione
1612 416 1675 460 ut
1718 427 1886 477 popu-

185 485 299 534 lum
318 501 567 551 agrorum
585 492 638 537 et
657 487 907 538 villarum
924 489 979 537 in
998 505 1167 539 unum
1184 490 1361 540 locum
1381 491 1497 557 cogi
1514 496 1568 541 et
1588 493 1864 558 aggregari

180 565 441 626 facerent,
486 569 731 618 consulto
772 569 1032 619 miserunt
1078 585 1162 620 XII
1205 577 1300 621 aut
1346 587 1476 622 XIIII
1518 573 1583 622 de
1625 574 1749 633 suis
1793 574 1887 639 qui

187 648 321 698 duos
349 654 444 698 aut
472 655 578 699 tres
603 650 830 701 rusticos
856 651 996 701 illius
1030 652 1153 702 ville
1191 669 1325 718 quos
1360 654 1547 704 obvios
1580 656 1886 706 habuerunt

178 729 463 779 crudeliter
489 731 846 783 trucidarunt.
1791 787 1793 789 ,

250 811 413 875 Cujus
435 813 685 863 horrendi
707 814 914 864 sceleris
937 831 1059 864 curn
1082 816 1398 866 cucurrisset
1421 817 1568 866 fama
1588 833 1682 882 per
1703 834 1887 868 omnes

179 893 335 943 villas
361 894 565 944 vicinas
603 900 656 945 et
692 896 792 945 sibi
819 896 1045 962 quisque
1071 914 1179 946 non
1207 898 1408 963 absque
1434 899 1645 948 racione
1673 899 1886 949 timeret

178 991 245 1024 ne
277 975 501 1025 similia‘s'
534 982 825 1042 pateretur,
861 979 931 1028 ad
963 980 1200 1029 sonitum
1226 996 1611 1045 campanarum
1651 982 1716 1031 de
1749 981 1888 1047 agris

179 1062 234 1106 et
278 1057 418 1107 villis
463 1059 966 1124 circumjacentibus
1010 1077 1206 1126 magna
1249 1062 1543 1112 multitudo
1588 1064 1773 1128 populi
1817 1064 1887 1113 ad

179 1153 349 1187 unum
380 1155 435 1188 se
466 1139 644 1189 locum
676 1146 1081 1206 congregarunt,
1117 1158 1335 1206 operam
1367 1142 1547 1192 daturi
1578 1148 1639 1193 ut
1672 1144 1888 1194 sicarios

177 1218 296 1269 illos
320 1220 730 1272 nefandissimos
756 1223 1232 1288 apprehenderent,
1261 1225 1305 1274 si
1329 1230 1563 1289 possent,
1591 1230 1645 1274 et
1671 1225 1735 1274 de
1760 1225 1888 1291 ipsis

179 1301 250 1350 ad
295 1301 500 1366 judices
547 1304 716 1369 regios
765 1305 1013 1355 adductis
1060 1322 1226 1370 penas
1274 1306 1484 1357 debitas
1531 1313 1884 1372 reposcerent.

181 1382 338 1447 Quod
362 1400 485 1434 cum
510 1385 584 1433 illi
614 1387 833 1435 nefandi
854 1388 1146 1446 carnifices,
1172 1388 1395 1447 circiter,
1421 1394 1483 1438 ut
1505 1389 1753 1448 diximus
1783 1394 1887 1439 tre-

179 1466 322 1514 centi
365 1467 451 1515 vel
495 1468 874 1533 quadringenti
909 1470 1115 1534 equites
1152 1470 1362 1529 armati,
1395 1470 1656 1529 viderent,
1696 1472 1788 1537 qui
1831 1472 1886 1520 in

178 1547 383 1598 insidiis
407 1549 476 1598 ob
499 1549 599 1598 hoc
623 1550 860 1600 studiose
883 1551 1128 1600 latebant
1141 1549 1167 1578 ‘l
1174 1594 1183 1609 ,
1207 1552 1386 1601 subito
1414 1552 1467 1600 in
1488 1552 1603 1602 illos
1627 1569 1887 1618 pauperes

181 1628 407 1678 rusticos
440 1630 711 1694 pedestres
744 1631 798 1680 in
830 1632 954 1681 latis
979 1638 1062 1681 ete
1091 1633 1404 1697 patentibus
1437 1634 1638 1698 campis
1664 1651 1787 1684 cum
1808 1635 1885 1684 in-

179 1710 327 1774 genti
349 1710 540 1761 furoris
563 1713 708 1761 rabie
731 1713 1015 1763 irruerunt.
1043 1714 1145 1779 Qui
1168 1731 1290 1763 cum
1313 1715 1382 1764 ad
1403 1715 1554 1764 illum
1576 1732 1760 1765 eorum
1781 1717 1886 1766 ins-

179 1798 430 1857 peratum
449 1793 637 1859 {atque
681 1795 1178 1860 impremeditatum
1221 1812 1500 1846 occursum
1543 1799 1888 1847 vehementer

178 1875 422 1924 exterriti
445 1882 621 1925 essent
645 1893 741 1926 nec
766 1877 927 1926 aliam
961 1878 1323 1927 defensionem
1346 1878 1448 1928 nisi
1470 1880 1639 1929 solam
1669 1881 1886 1945 fugam-f

179 1963 528 2020 opponerent,
556 1958 725 2007 veluti
759 1975 952 2024 pecora
987 1960 1263 2009 occisionis
1290 1960 1672 2011 immanissime
1699 1962 1803 2011 cesi
1831 1966 1885 2011 et

178 2037 400 2088 lacerati
434 2045 576 2089 sunt.
615 2041 755 2091 Villa
789 2041 843 2090 in
878 2042 1032 2106 cujus
1067 2042 1205 2107 agris
1240 2057 1303 2091 ea
1338 2043 1490 2093 cedes
1525 2043 1759 2092 nefanda
1793 2059 1886 2108 pa-

180 2124 328 2168 trata
356 2120 459 2169 fuit
495 2122 655 2187 vulgo
693 2124 995 2188 appellatur
1030 2123 1251 2188 Viques2
1271 2139 1281 2182 ;
1322 2140 1428 2187 quo
1464 2125 1579 2174 loco
1616 2125 1720 2174 cesi
1759 2131 1885 2174 sunt

181 2216 429 2265 agrorum
458 2203 687 2254 cultores
715 2221 876 2270 supra
911 2205 1054 2254 mille
1089 2211 1143 2254 et
1180 2211 1500 2256 trecentos?
1540 2206 1653 2271 Que
1683 2212 1886 2271 strages

181 2287 233 2331 et
253 2282 276 2311 'l
310 2299 494 2334 omnes
520 2286 692 2350 patrie
720 2287 919 2337 incolas
941 2303 1136 2352 magno
1161 2304 1360 2352 pavore
1385 2288 1563 2337 affecit
1589 2293 1659 2346 et,
1690 2293 1751 2338 ut
1776 2304 1885 2338 non

181 2370 379 2414 temere
414 2372 509 2416 aut
542 2368 733 2417 leviter
765 2384 818 2418 se
853 2385 949 2434 pro
984 2369 1284 2434 quibusque
1318 2369 1526 2434 injuriis
1560 2371 1736 2420 ultum
1769 2386 1885 2435 per-

179 2462 298 2510 gere
329 2448 630 2508 auderents,
663 2450 930 2500 cauciores
959 2451 1108 2500 reddi
1138 2451 1357 2516 coegits.

249 2528 382 2578 Cum
429 2536 612 2580 autern
654 2537 767 2580 tam
814 2533 1074 2581 horrende
1122 2533 1263 2582 cedis
1312 2534 1521 2598 querele
1569 2534 1847 2599 tociusque
1861 2534 1884 2563 ‘⁸'

179 2610 353 2674 patrie
391 2611 646 2663 clamores
686 2614 754 2662 ad
790 2614 1101 2663 Bethfordie
1140 2615 1330 2663 ducem
1368 2616 1750 2679 pervenissent,
1792 2616 1885 2681 qui

239 2764 279 2790 a.
302 2753 459 2805 impio.
480 2755 533 2794 P.
552 2778 611 2783 —-
632 2756 669 2794 b.
692 2758 958 2808 congregari
978 2758 1031 2797 P.
1053 2781 1113 2786 ——
1131 2771 1165 2797 c.
1189 2759 1400 2798 similiter
1417 2759 1470 2797 P.
1490 2781 1549 2786 --
1565 2759 1605 2796 d.
1626 2758 1883 2797 latitabant

178 2811 234 2850 P.
253 2834 312 2839 —
327 2825 362 2852 e.
383 2826 437 2853 ac
454 2815 507 2853 P.
527 2837 587 2843 —
601 2815 632 2864 s.
654 2816 814 2867 fugam
830 2817 977 2856 solam
994 2818 1047 2856 P.
1067 2841 1127 2846 —
1143 2830 1182 2869 g.
1205 2818 1402 2857 trecenti
1421 2819 1475 2857 P.
1490 2841 1549 2846 —-
1567 2818 1607 2856 h.
1630 2820 1676 2856 et
1693 2830 1881 2869 memque

177 2882 232 2909 en
253 2871 306 2910 P.
329 2895 387 2900 —
405 2872 437 2913 i.
458 2878 702 2926 pergerent
722 2876 775 2914 P.
797 2899 856 2904 —
872 2876 905 2927 j.
929 2876 987 2916 Ce
1008 2881 1095 2916 mot
1114 2878 1227 2917 dans
1245 2877 1529 2928 l'interlz'gne,
1552 2878 1602 2916 de
1622 2877 1666 2916 la
1685 2876 1811 2916 main
1830 2877 1880 2916 de

179 2929 382 2978 l’auteur,
418 2935 653 2973 au-dessus
683 2936 732 2974 de
762 2936 926 2975 debuit
957 2936 1211 2988 exponetue',
1245 2950 1298 2976 en
1336 2937 1385 2976 G.
1414 2960 1473 2965 ——
1502 2937 1541 2976 k.
1569 2948 1660 2988 que
1692 2948 1880 2988 memque

179 3002 235 3029 en
261 2991 315 3030 P.
