2071 3302
188 211 249 254 88
545 221 618 251 DE
653 220 1033 252 BETHFORDIAE
1068 219 1228 251 DUCIS
1263 218 1532 252 REGIMINE

195 351 368 394 censa,
412 349 598 384 eversa
638 349 700 383 ac
741 333 951 398 direpta
998 334 1210 382 fuerant
1250 333 1337 382 vel
1385 331 1757 382 habitantibus
1799 348 1889 382 va-

195 421 373 476 cuata,
412 413 669 465 tantilum
703 415 835 465 illud
868 415 1014 480 quod
1047 413 1216 464 veluti
1260 413 1447 464 furtim
1487 413 1685 463 circum
1717 413 1891 463 muni-

195 499 372 548 ciones
416 497 690 548 colebatur
732 496 1015 546 minimum
1057 500 1111 546 et
1163 511 1327 561 prope
1382 495 1543 544 nichil
1585 495 1887 555 videbatur,

194 579 600 645 comparacione
634 578 1060 629 vastissimorum
1102 593 1347 643 agrorum
1381 577 1474 642 qui
1507 576 1700 627 deserti
1744 592 1890 642 pror-

195 678 284 712 sus
310 666 364 711 et
393 661 504 712 sine
531 660 822 711 cultoribus
848 660 1234 725 permanebant
1249 659 1283 710 1.

789 883 1203 934 CAPITULUM
1243 883 1296 931 II

271 1021 359 1070 DE
397 1032 590 1070 CAUS1s
627 1031 808 1068 TANTE
846 1030 1209 1067 vAsTAcroNIS
1248 1029 1421 1065 REGNI
1458 1016 1813 1066 FRANCORUM

264 1163 341 1213 Ut
379 1159 540 1226 igitur
576 1160 678 1209 ada
718 1175 905 1208 causas
940 1159 1082 1208 unde
1118 1162 1237 1206 orta
1271 1162 1325 1206 et
1361 1162 1545 1206 secuta
1592 1158 1696 1206 fuit
1733 1160 1892 1206 tanta

198 1242 461 1293 desolacio
485 1241 764 1307 specialius
787 1240 1160 1290 memorandas
1195 1243 1358 1304 atque
1389 1237 1689 1287 referendas
1711 1237 1891 1287 venia·

194 1341 330 1384 muS,
376 1324 474 1383 uti,
524 1324 723 1373 Karolo
767 1327 920 1373 sexto
956 1322 1074 1371 vita
1116 1321 1318 1380 funem,
1363 1320 1593 1370 Karolus
1633 1319 1892 1385 septimus

198 1411 379 1473 spreta
399 1422 460 1456 ac
494 1406 708 1471 penitus
728 1405 928 1470 rejecta
954 1403 1121 1469 patris
1142 1402 1223 1452 sui
1242 1401 1655 1451 exheredacione
1676 1417 1709 1450 a
1728 1401 1892 1450 Fran-

198 1489 272 1539 cis
296 1503 393 1554 pro
416 1503 536 1554 rege
559 1487 779 1537 habitus
803 1491 898 1545 est,
926 1486 1004 1535 ita
1026 1490 1080 1534 et
1106 1485 1250 1550 apud
1273 1484 1471 1549 Anglos
1496 1488 1625 1533 tunc
1648 1483 1892 1548 impubes

199 1570 461 1621 Henricus
475 1570 511 1629 2,
575 1568 793 1619 Henriei
851 1584 1011 1634 quem
1071 1567 1385 1616 defunctum
1445 1565 1676 1615 diximus
1734 1564 1892 1614 unica

197 1653 385 1718 proleS,
427 1668 522 1717 pro
562 1651 841 1701 amborum
879 1665 1160 1715 regnorum
1199 1648 1418 1697 Francie
1457 1647 1655 1697 scilieet
1695 1646 1890 1712 atqueb

197 1734 385 1800 Anglie
414 1750 533 1799 rege
562 1749 616 1783 se
644 1732 821 1798 gessit,
853 1732 1129 1796 utriusque
1158 1730 1380 1779 titulum
1408 1729 1508 1779 sibi
1536 1744 1809 1778 assumens
1837 1733 1891 1777 et

197 1832 408 1866 nomen.
437 1816 625 1880 Anglie
651 1830 777 1865 vero
803 1830 1024 1880 regnum
1049 1818 1102 1862 et
1129 1811 1417 1877 impuberis
1442 1811 1577 1876 regis
1602 1811 1775 1860 tutela
1799 1825 1893 1875 per

198 1897 525 1949 Gloehestrie
554 1898 789 1955 ducemss,
821 1900 1076 1961 patruum
1103 1910 1259 1944 suurn
1273 1894 1308 1953 3,
1343 1909 1404 1942 ac
1430 1892 1577 1957 regni
1604 1892 1892 1957 optimates

198 1980 745 2037 administrabantur;
785 1977 1005 2028 Franeie
1039 1992 1165 2026 vero
1202 1980 1467 2041 quantum
1502 1973 1632 2024 sued
1665 1978 1778 2023 erat
1815 1973 1891 2023 di-

198 2062 337 2112 cioni
379 2062 664 2112 subactum
717 2076 809 2126 per
851 2060 1040 2109 ducem
1079 2057 1405 2116 Bethfordie‚
1451 2057 1679 2105 alterurn
1727 2055 1892 2120 ipsius

200 2143 418 2194 Henrici
446 2148 716 2208 patruum,
749 2147 998 2192 strennue
1027 2140 1157 2190 satis
1186 2156 1247 2188 ac
1276 2139 1564 2204 prudenter
1591 2138 1893 2202 regebatur.

197 2226 300 2292 Qui
329 2231 614 2276 strennuus
643 2224 860 2289 quidem
890 2228 1020 2282 erat,
1053 2223 1319 2271 humanus
1350 2226 1403 2269 et
1439 2221 1630 2285 justus,
1665 2220 1892 2268 Franco·

199 2316 347 2357 rume
386 2307 590 2357 nobiles
619 2306 713 2372 qui
751 2306 850 2356 sibi
892 2305 1152 2370 parebant
1194 2304 1428 2352 multum
1469 2317 1655 2351 amans
1696 2306 1750 2350 et
1796 2316 1891 2365 pro

200 2389 307 2439 suis
349 2389 642 2439 virtutibus
683 2389 903 2438 studens
945 2403 1034 2436 eos
1074 2385 1363 2435 honoribus
1405 2384 1670 2433 extollere.
1715 2382 1889 2441 Unde,

200 2471 459 2536 quamdiu
496 2471 649 2528 vixit,
691 2469 1013 2519 Normannis
1052 2472 1105 2516 et
1145 2467 1360 2516 Francis
1398 2465 1637 2531 parcium
1675 2480 1892 2514 suarum

199 2553 329 2602 satis
355 2569 508 2602 carus
534 2558 587 2601 et
615 2552 838 2602 dilectus
865 2550 967 2601 fuit
981 2550 1017 2599 4.

254 2733 294 2760 α.
321 2720 378 2760 Ce
402 2724 489 2759 mot
509 2721 622 2760 dans
645 2719 928 2771 l'interligne‚
954 2720 1003 2758 de
1028 2719 1071 2757 la
1094 2718 1220 2758 main
1243 2719 1292 2757 de
1317 2717 1519 2763 l'auteur,
1545 2729 1597 2755 en
1624 2716 1675 2756 G.
1697 2738 1755 2744 —-
1781 2717 1817 2755 b.
1843 2721 1891 2755 et

196 2781 250 2820 P.
273 2802 332 2807 —
354 2792 388 2821 ε,
416 2780 473 2820 Ce
497 2785 583 2819 mot
607 2792 660 2819 en
684 2792 846 2831 marga,
871 2779 920 2818 de
947 2778 990 2817 la
1015 2778 1140 2818 main
1164 2779 1214 2817 de
1240 2777 1443 2822 l'auteur,
1469 2777 1580 2814 dans
1608 2776 1658 2816 G.
1684 2798 1744 2803 —-
1764 2776 1805 2815 d.
1831 2775 1889 2815 Ce

194 2842 282 2878 mot
300 2852 354 2879 en
374 2852 536 2892 marga,
560 2841 609 2879 de
632 2839 675 2878 la
694 2840 820 2878 main
840 2839 889 2878 de
911 2838 1114 2883 l'auteur,
1138 2838 1250 2876 dans
1273 2837 1324 2877 G.
1347 2837 1392 2876 Il
1409 2848 1597 2888 memque
1620 2836 1733 2874 dans
1757 2836 1808 2875 P.
1832 2858 1890 2862 —-

193 2911 228 2938 ε.
255 2899 629 2951 Francorumque
651 2899 704 2939 P.
