2071 3302
165 217 228 271 56
264 225 594 258 PARISIENSIS
611 225 770 256 URBIS
787 225 1068 256 DOMINIUM
1085 224 1513 256 BURGUNDIONES
1530 225 1802 256 RETINENT

169 340 301 389 tatis
328 341 673 390 vehementer
700 338 933 397 favente,
965 338 1019 387 in
1044 339 1489 404 Burgundionum
1517 338 1667 389 ducis
1694 343 1871 403 potes-

169 426 343 471 tatem
387 426 551 486 atque
597 414 1122 470 administracionem
1166 420 1441 470 concessit.
1489 421 1642 470 Unus
1687 425 1871 470 autem

170 504 498 553 Francorum
529 503 763 552 militum
794 507 1043 552 strenuus
1073 502 1246 560 valde,
1280 502 1620 567 Tenequinus
1652 502 1717 551 de
1749 501 1871 551 Cas-

170 590 271 643 tro,
309 585 530 634 nacione
564 585 731 643 BritO,
769 600 851 633 res
886 600 1101 648 prorsus
1137 584 1445 648 desperatas
1481 583 1790 642 arbitratUS‚
1828 584 1872 634 si

165 666 339 715 eciam
379 666 608 715 Karolus
646 665 920 730 septimuS,
961 665 1054 729 qui
1090 670 1209 714 tum
1245 665 1386 714 solus
1422 681 1489 713 ex
1526 664 1646 714 filiis
1680 664 1869 730 regiisa

169 753 437 812 superstes
473 753 603 805 erat,
642 763 765 796 cum
800 752 953 811 patre
989 763 1085 796 suo
1120 747 1174 795 in
1210 747 1327 811 ipsa
1361 747 1491 796 urbe
1526 746 1626 797 sub
1666 746 1871 802 dicione

165 829 612 894 Burgundionum
656 829 1057 894 relinqueretur,
1105 834 1345 878 armatus
1389 829 1565 893 ipsum
1611 829 1872 878 Karolum

170 910 476 976 septimum,
507 910 733 960 vixdum
769 911 1040 976 puberem,
1073 925 1100 959 e
1140 910 1299 959 domo
1335 909 1478 974 regia
1516 909 1688 958 sancti
1720 909 1872 958 Pauli

169 997 389 1057 raptum
408 1008 588 1042 secum
607 992 661 1041 in
682 1008 834 1056 equo,
859 1008 966 1056 quo
985 992 1298 1049 vehebatur,
1322 990 1630 1055 exportavit
1646 990 1680 1040 1.

238 1075 311 1123 Et
341 1090 408 1124 ex
437 1080 567 1123 tunc
597 1090 780 1123 omnes
810 1074 1016 1131 Franci,
1046 1073 1491 1138 Burgundionum
1520 1073 1735 1131 inimici,
1768 1078 1871 1122 ter-

168 1172 255 1205 ras
276 1156 423 1221 regni
444 1172 547 1220 que
569 1156 622 1204 in
645 1155 850 1204 dicione
867 1154 886 1182 ’)
907 1155 1145 1220 ipsorum
1163 1155 1608 1219 Burgundionum
1628 1170 1735 1203 non
1757 1170 1871 1219 per-

170 1243 446 1296 venerant,
484 1237 649 1302 ipsius
687 1237 872 1286 Karoli
907 1237 1121 1301 septimi
1155 1236 1369 1285 nomine
1404 1252 1580 1301 regere
1615 1241 1668 1285 et
1705 1235 1872 1286 admi-

169 1320 396 1370 nistrare
437 1324 708 1385 ceperunt,
752 1324 1015 1383 tanquam
1055 1319 1194 1368 illius
1235 1319 1328 1383 qui
1369 1319 1584 1367 omnino
1599 1328 1619 1346 ⁶·
1659 1318 1873 1368 futurus

170 1407 308 1452 esset
348 1403 498 1451 heres
545 1401 691 1467 regni
743 1401 786 1451 si
826 1401 968 1466 patri
1008 1417 1103 1450 suo
1144 1405 1411 1465 superstes
1450 1405 1706 1449 maneret.
1749 1400 1872 1449 Non

171 1484 313 1533 enim
332 1490 486 1549 patre
506 1484 723 1533 vivente
751 1500 805 1533 se
831 1499 1008 1548 regem
1029 1483 1337 1548 appellavit,
1361 1483 1454 1532 sed
1474 1482 1869 1541 tantummod0‚

170 1573 435 1631 tanquam
465 1567 601 1631 regis
633 1566 1033 1631 primogenitus,
1069 1566 1343 1614 Delfinum
1376 1565 1730 1614 Viennensem
1762 1580 1872 1614 sese

171 1649 430 1697 titulabat
443 1648 482 1696 d.
510 1648 621 1698 Sibi
641 1664 763 1712 ergo
784 1652 838 1696 et
859 1647 975 1711 ejus
995 1647 1210 1695 nomine
1231 1646 1437 1704 Franci,
1459 1651 1512 1695 et
1535 1651 1723 1694 contra
1740 1646 1871 1694 Bur-

171 1730 466 1795 gundiones
502 1735 555 1779 et
592 1734 780 1779 contra
811 1729 1009 1793 Anglos
1045 1728 1375 1777 dimicabant
1412 1733 1466 1776 et
1499 1728 1714 1777 bellicas
1750 1743 1873 1776 suas

171 1812 542 1878 expediciones
565 1811 850 1860 ducebant.
875 1812 946 1859 Et
967 1815 1250 1874 propterea
1270 1814 1384 1858 tam
1410 1810 1566 1873 longo
1587 1808 1873 1873 repetitam

171 1891 405 1949 exordio,
430 1896 672 1940 nostram
695 1891 800 1939 huc
823 1905 991 1954 usque
1016 1889 1383 1937 narracionem
1407 1888 1785 1952 protraximus,
1811 1892 1872 1937 ut

173 1974 243 2023 ad
264 1975 407 2022 hunc
431 1972 686 2037 temporis
709 1972 995 2021 articulum
1016 1971 1199 2019 debito
1222 1970 1405 2019 ordine
1424 1970 1742 2028 veniremus,
1766 1986 1872 2034 quo

176 2056 406 2105 Karolus
432 2055 707 2119 septimus,
734 2059 887 2118 patre
912 2053 1034 2102 licet
1061 2053 1236 2101 adhuc
1262 2052 1547 2116 superstite
1573 2056 1626 2100 et
1652 2052 1873 2100 titulum

173 2138 362 2202 regalis
381 2137 596 2186 honoris
616 2136 895 2193 retinente,
922 2136 986 2184 de
1008 2136 1152 2184 facto
1174 2140 1355 2183 tamen
1377 2134 1635 2198 imperare
1657 2134 1797 2198 cepit
1819 2139 1873 2182 et

173 2219 437 2268 dominari
457 2219 511 2267 in
531 2218 724 2283 majori
745 2222 897 2282 parte
919 2217 1080 2281 regni,
1102 2215 1349 2281 quamvis
1371 2215 1505 2280 regis
1526 2215 1685 2264 titulo
1709 2215 1872 2264 absti-

172 2306 322 2350 neret
339 2301 370 2350 2.

241 2384 364 2432 Non
389 2388 571 2432 autem
596 2387 923 2447 oportunum
947 2386 1202 2445 putamus
1227 2379 1439 2428 silencio
1464 2379 1715 2443 preterire
1740 2380 1873 2429 sedi-

174 2465 350 2514 ciones
386 2464 516 2514 satis
551 2464 842 2513 horrendas
879 2467 1041 2527 atque
1078 2463 1417 2520 execrandas,
1457 2477 1590 2526 quas
1626 2462 1872 2526 plebeyo-

173 2562 293 2596 rum
323 2546 478 2595 turbe
508 2546 562 2595 in
591 2546 707 2610 ipsa
735 2545 878 2609 regia
907 2545 1052 2602 urbe,
1084 2549 1374 2608 postquam
1403 2544 1456 2592 in
1486 2559 1605 2592 eam
1630 2543 1872 2608 Burgun-

175 2628 358 2678 diones
388 2632 712 2692 receperant,
747 2626 934 2675 rabido
967 2631 1130 2691 atque
1161 2626 1325 2690 impio
1356 2625 1513 2674 nimis
1544 2625 1719 2673 furore
1751 2641 1872 2674 con-

173 2710 410 2759 citarunt
443 2715 496 2758 et
529 2709 818 2774 agitarunt.
856 2709 918 2756 In
951 2707 1134 2772 primis
1167 2708 1417 2757 comitem
1449 2706 1738 2755 Arminiaci
1769 2706 1873 2756 illic

173 2792 471 2850 inventum,
499 2791 593 2856 qui
617 2791 727 2840 dux
751 2789 942 2838 milicie
967 2794 1020 2838 et
1046 2789 1471 2838 constabularius
1495 2788 1645 2852 regis,
1672 2793 1733 2837 ut
1758 2804 1873 2852 pre-

236 2949 276 2975 a.
305 2936 439 2988 regiis
468 2936 572 2976 filiis
600 2937 653 2976 P.
681 2958 740 2963 —
770 2935 806 2975 b.
837 2934 1065 2974 dicionem
1092 2934 1145 2973 P.
1174 2956 1233 2961 —-
1258 2946 1292 2973 c.
1323 2932 1510 2972 omnino
1537 2936 1652 2972 entre
1680 2933 1809 2972 heres
1835 2936 1874 2972 et

174 2995 302 3047 regni
324 2997 376 3035 P.
397 3019 456 3023 —
474 2996 514 3035 d.
537 2995 805 3047 appellabat
824 2998 965 3045 atque
986 2994 1260 3033 intitulabat
1280 2994 1332 3032 P.
