2071 3302
196 246 288 290 150
450 245 524 276 DE
558 245 808 277 CARNUTO
843 246 910 277 ET
943 245 1238 278 LOCOVERIS
1272 245 1637 277 RECUPERATIS

193 358 363 408 luncis
390 363 444 408 et
472 358 712 415 cavernis
745 358 1037 408 latitabata
1073 359 1206 424 (erat
1241 358 1383 407 enim
1409 373 1566 407 mane
1590 362 1644 407 et
1678 362 1893 408 noctur-

193 440 276 490 nis
299 440 405 490 illic
429 440 662 490 tenebris
687 441 830 490 seseb
858 440 1239 505 occuluerant),
1259 439 1398 489 illico
1419 440 1769 491 advocarunt.
1789 439 1893 505 Qui

194 538 419 587 propero
455 538 636 587 gressu
673 521 949 580 irruentes,
989 537 1051 570 eo
1087 522 1248 571 modo
1286 521 1564 571 civitatem
1601 537 1892 586 occupave-

192 608 335 653 runt.
379 604 543 668 Cujus
581 603 656 652 rei
695 619 905 653 rumore
945 603 1084 652 illico
1123 603 1452 668 pervolante,
1495 619 1618 652 cum
1657 602 1894 652 civitatis

194 685 472 750 episcopus
486 685 522 743 1,
548 685 641 750 qui
663 685 794 734 satis
816 685 1084 734 ferventer
1105 685 1350 750 partibus
1371 685 1666 749 Anglorum
1687 689 1741 733 et
1761 685 1893 733 Bur-

192 767 525 832 gundionum
565 767 875 825 adherebat,
919 767 1094 816 adhuc
1132 767 1313 816 hostes
1353 766 1574 816 eiciendi
1613 782 1762 831 spem
1800 767 1892 815 ha-

192 849 339 907 benS‚
378 848 433 897 in
470 848 630 898 armis
667 849 1023 913 deprehensus
1059 848 1262 907 fuisset,
1302 848 1478 898 furore
1515 847 1766 907 seviente,
1804 863 1892 913 pe-

193 935 435 995 remptus
467 935 547 980 est
582 930 878 995 civitasque
902 935 1067 989 totaC,
1093 930 1294 979 nemini
1319 930 1541 995 parcito,
1569 930 1624 978 in
1650 929 1895 995 rapinam

195 1010 657 1076 direpcionemque
691 1010 952 1060 militibus
985 1010 1257 1075 permissa.
1282 1011 1416 1060 Erat
1447 1010 1589 1059 enim
1617 1011 1764 1059 fama
1793 1009 1895 1059 loci

193 1092 392 1142 incolas
423 1092 717 1157 Anglorum
749 1097 929 1157 partes
962 1096 1125 1157 atque
1152 1092 1596 1157 Burgundionum
1623 1091 1754 1141 satis
1780 1107 1894 1156 per-

194 1173 443 1223 tinaciter
479 1174 791 1224 defendisse.
831 1174 987 1238 Quod
1023 1173 1257 1238 plurium
1292 1189 1359 1222 ex
1406 1173 1533 1239 ipsis
1569 1174 1695 1223 cede
1731 1174 1895 1223 bono-

193 1271 418 1321 rumque
443 1256 656 1320 jactura
679 1260 734 1304 et
759 1255 1061 1321 perdicione
1086 1255 1165 1305 ita
1190 1255 1301 1305 eisd
1326 1255 1509 1305 extitit
1534 1260 1894 1321 repensatum.

263 1337 607 1402 Occuparunt
652 1337 820 1386 eciam
863 1337 965 1402 ipsi
1001 1337 1193 1386 Franci
1236 1353 1329 1402 per
1375 1342 1640 1387 nocturna
1683 1337 1898 1386 silencia

195 1418 416 1483 opidum
451 1419 597 1484 quod
639 1418 951 1468 Locusveris
994 1418 1189 1468 dicitur
1205 1418 1239 1477 2,
1278 1435 1310 1467 a
1348 1419 1689 1484 Rothomago
1723 1417 1896 1467 VIItem

195 1500 575 1548 tantummodo
603 1499 765 1548 leucis
794 1499 1015 1558 distanS‚
1046 1504 1100 1548 et
1128 1499 1183 1548 in
1211 1515 1273 1549 eo
1300 1499 1538 1548 validam
1566 1503 1896 1548 armatorum

194 1581 552 1630 municionem
587 1582 917 1640 locaverunt,
956 1582 1097 1630 unde
1135 1597 1287 1646 agros
1323 1581 1650 1630 Normannie
1687 1580 1896 1630 assidue

194 1663 542 1722 incursanteS‚
581 1663 852 1728 provincie
889 1664 1126 1727 dampna
1161 1663 1391 1727 plurima
1427 1668 1590 1728 atque
1625 1663 1753 1727 ipsis
1788 1663 1894 1711 An-

193 1745 341 1810 glicis
368 1745 682 1795 intulerunt.
714 1745 846 1810 Sepe
875 1745 1017 1794 enim
1044 1761 1212 1811 usque
1242 1745 1311 1793 ad
1338 1749 1552 1809 portam
1580 1744 1761 1809 pontis
1790 1745 1894 1793 Ro-

195 1827 436 1892 thomagi
463 1827 870 1892 adequitabant,
898 1831 951 1876 et
986 1827 1029 1876 si
1056 1844 1190 1892 quos
1214 1827 1414 1892 Anglos
1439 1826 1654 1877 obvios⁶
1681 1826 1895 1875 habuis-

195 1913 328 1968 sent,
358 1909 445 1958 vel
471 1909 817 1958 trucidabant
844 1910 930 1957 vel
956 1913 1143 1973 captos
1171 1908 1528 1958 abducebant.

263 1989 388 2039 Fuit
438 1992 595 2039 tumf
646 1990 972 2055 Rothomagi
1017 1989 1279 2039 Henricus
1329 1989 1555 2054 juvenis
1603 1990 1896 2054 Anglorum

194 2087 303 2130 rex,
327 2071 467 2121 illius
498 2071 717 2120 Henrici
752 2072 816 2121 de
851 2088 958 2136 quo
997 2087 1158 2136 supra
1186 2072 1360 2121 multa
1388 2071 1666 2121 retulimus
1703 2075 1757 2120 et
1786 2072 1894 2120 Ka-

195 2153 400 2202 therine
437 2154 628 2203 sororis
659 2153 845 2202 Karoli
873 2154 1200 2202 Francorum
1227 2153 1361 2217 regis
1403 2153 1556 2203 filius,
1589 2152 1760 2216 Quem
1795 2152 1897 2201 sibi

194 2250 416 2300 regnum
450 2236 777 2284 Francorum
811 2251 877 2284 ex
909 2235 1175 2300 legittima
1208 2235 1535 2285 successione
1572 2239 1894 2285 asserentem

196 2321 435 2382 spectare
484 2333 644 2383 seque
683 2317 1010 2366 Francorum
1047 2317 1446 2382 Anglorumque
1483 2332 1659 2382 regem
1705 2316 1894 2366 attitu-

194 2399 398 2448 lantem
433 2399 592 2464 Angli
629 2403 780 2448 trans
829 2399 1027 2448 fretum
1074 2399 1365 2448 adventare
1403 2399 1693 2457 fecerant&
1730 2403 1791 2448 ut
1829 2414 1895 2447 ex

196 2480 312 2545 ejus
339 2468 611 2544 presencia
638 2480 795 2529 rebus
825 2480 932 2530 suis
960 2481 1195 2529 multum
1222 2480 1542 2530 nutantibus
1571 2480 1894 2545 dilapsisque

196 2562 251 2611 in
273 2562 498 2612 Francia
518 2562 812 2611 remedium
835 2563 1112 2611 afferretur
1126 2563 1163 2614 3.

267 2644 395 2693 Post
443 2643 594 2708 cujus
642 2644 953 2703 adventum,
1003 2644 1247 2693 videntes
1292 2643 1498 2708 Anglici
1546 2643 1893 2693 Parisiensem

256 2817 296 2842 α.
318 2804 575 2843 latitabant
594 2804 646 2842 P.
668 2827 727 2831 ——
750 2804 786 2843 b.
810 2804 867 2843 Ce
888 2807 974 2842 mot
993 2805 1105 2843 dans
1125 2804 1408 2854 l’interligne,
1431 2805 1479 2842 de
1501 2803 1544 2842 la
1564 2803 1689 2842 main
1709 2804 1758 2842 de
1781 2802 1893 2842 l'au-

196 2867 304 2908 leur,
319 2876 369 2902 en
395 2863 444 2901 G.
460 2886 519 2890 —
533 2876 566 2902 c.
589 2864 754 2902 civitas
773 2875 958 2915 quoque
976 2866 1080 2902 tota
1097 2863 1150 2902 P.
1166 2886 1224 2891 ——
1244 2863 1283 2902 d.
1303 2863 1360 2902 Ce
1375 2867 1462 2901 mot
1476 2863 1588 2901 dans
1607 2862 1890 2913 l’z'vszterligne,

196 2923 245 2961 de
272 2922 316 2961 Za
340 2922 466 2961 main
494 2923 543 2962 de
570 2923 773 2968 l’auteur,
795 2935 848 2961 en
879 2923 928 2962 G.
955 2945 1015 2950 -—
1038 2936 1072 2961 e.
1107 2922 1295 2961 obviam
1314 2922 1367 2961 P.
1391 2945 1450 2950 —-
1479 2923 1509 2970 f.
1544 2927 1700 2961 tamen
1728 2920 1896 2972 corrige*

196 2982 309 3021 dans
329 2981 374 3021 la
393 2994 541 3033 marge
562 2995 615 3021 en
635 2985 752 3028 tum,
775 2982 825 3021 de
847 2982 890 3022 la
908 2982 1032 3021 main
1051 2983 1100 3021 de
1117 2982 1320 3027 l'auteur,
1348 2981 1397 3021 G.
1416 3004 1475 3009 —-
1494 2993 1531 3032 g.
1552 2981 1761 3021 fecerunt
1777 2980 1831 3020 P.
