2071 3302
740 621 973 673 LIBER
1013 620 1343 672 TERTIUS

666 842 1081 893 CAPITULUM
1122 841 1411 890 PRIMUM

191 980 410 1045 Quons‘,
458 991 776 1039 QUANQUAM
819 990 929 1026 PAX
971 989 1149 1025 FACTA
1191 989 1262 1024 ET
1302 988 1517 1036 JURATA
1548 988 1681 1024 FUIT
1719 987 1891 1024 INTER

259 1077 451 1113 REGEM
493 1063 779 1110 KAROLUM
814 1073 885 1108 ET
922 1060 1256 1116 PHILIPPUM‚
1291 1058 1639 1107 BURGUNDIE
1674 1070 1889 1117 DUCEM,

258 1157 581 1194 coNCORDIA
603 1156 798 1191 TAMEN
821 1154 1007 1190 NULLA
1030 1153 1139 1189 NEC
1161 1152 1417 1188 AMICICIA
1438 1153 1551 1188 AUT
1573 1152 1720 1188 RARA
1739 1152 1888 1189 FUIT.

260 1279 395 1327 Pace
435 1277 598 1342 igitur
637 1276 784 1325 facta
823 1280 875 1324 et
917 1274 1197 1324 consiliata
1241 1273 1387 1338 apud
1422 1273 1789 1331 Attrebatum,
1830 1277 1892 1321 ut

190 1357 542 1421 premisimus,
574 1355 715 1403 inter
745 1353 1006 1402 Karolum
1039 1352 1366 1401 Francorum
1401 1367 1577 1416 regem
1610 1355 1665 1400 et
1695 1350 1892 1416 Philip-

189 1455 319 1503 pum
337 1437 783 1502 Burgundionum
804 1435 1010 1493 ducem,
1036 1450 1130 1498 per
1154 1433 1465 1498 hujusmodi
1484 1432 1630 1497 pacis
1654 1432 1893 1497 capitula

189 1520 420 1586 plurima
442 1519 601 1568 valde
625 1516 995 1567 favorabiliter
1017 1532 1048 1565 a
1071 1531 1190 1580 rege
1221 1515 1323 1580 ipsi
1345 1530 1594 1564 concessa
1619 1518 1745 1564 sunt
1771 1514 1891 1563 Phi-

189 1603 336 1667 lippo
362 1607 415 1650 et
441 1601 668 1650 indulta.
691 1598 914 1663 Accepit
941 1598 1083 1646 enim
1110 1613 1206 1662 pro
1231 1613 1284 1646 se
1307 1601 1361 1646 et
1384 1596 1669 1646 heredibus
1695 1596 1804 1646 suis
1824 1596 1893 1645 ci-

191 1684 391 1733 vitates
418 1688 471 1732 et
499 1682 791 1732 comitatus
817 1679 1341 1729 Autissiodorensesb
1368 1683 1422 1727 et
1456 1678 1890 1736 Matisconenses,

191 1782 314 1815 cum
334 1765 576 1830 pluribus
602 1763 718 1813 aliis
740 1762 913 1828 opidis
930 1778 990 1810 ac
1012 1761 1166 1810 terris
1183 1777 1286 1825 que
1307 1760 1439 1825 juris
1459 1776 1650 1809 corone
1672 1765 1725 1809 et
1746 1775 1893 1824 rega-

189 1847 321 1897 lium
343 1852 511 1896 erant.
541 1844 762 1909 Accepit
790 1848 843 1892 et
878 1842 1128 1892 civitates
1161 1858 1344 1891 omnes
1369 1846 1533 1906 atque
1564 1841 1783 1891 castella
1807 1841 1895 1890 vel

191 1929 353 1995 opida
377 1944 480 1993 que
504 1943 665 1992 supra
690 1927 888 1975 flumen
913 1925 1201 1974 Summone
1225 1939 1292 1972 ex
1313 1928 1542 1988 utraque
1565 1923 1682 1988 ripa
1699 1923 1893 1973 consis-

191 2017 335 2070 tunt,
365 2010 524 2060 simul
546 2014 629 2058 et⁶
648 2007 829 2057 omnia
857 2023 959 2072 que
982 2007 1126 2056 ultra
1152 2006 1358 2055 dictum
1387 2006 1585 2054 flumen
1613 2010 1755 2063 sunt,
1778 2021 1893 2053 ver-

191 2109 280 2143 sus
302 2091 628 2149 Flandriam,
653 2095 769 2140 tam
790 2089 845 2138 in
867 2105 1028 2153 regno
1051 2104 1215 2153 quam
1237 2092 1392 2136 extra
1408 2103 1646 2152 regnum,
1666 2087 1721 2135 in
1740 2086 1894 2136 terris

190 2174 398 2240 imperii
423 2171 790 2230 consistencia‚
819 2187 922 2235 que
956 2170 1025 2219 ad
1055 2170 1141 2234 jus
1173 2169 1376 2234 regium
1402 2169 1762 2233 pertinebant.
1791 2168 1894 2218 Sed

189 2255 500 2321 hujusmodi
522 2260 690 2304 terras
715 2252 950 2302 fluminis
967 2252 1255 2301 Summone
1270 2267 1392 2300 cum
1410 2266 1594 2299 earum
1611 2250 1891 2307 fructibus,

189 2337 621 2394 obventionibuS‚
657 2335 1010 2399 vectigalibus
1046 2350 1106 2384 ac
1141 2333 1360 2382 tributis
1395 2332 1600 2397 accepit
1635 2331 1895 2381 tenendas

190 2437 251 2469 ac
277 2418 641 2484 possidendas,
671 2416 1022 2481 quoadusque
1048 2431 1144 2480 pro
1171 2430 1354 2463 earum
1387 2413 1610 2462 luitione
1637 2413 1738 2462 sibi
1763 2428 1893 2477 qua-

190 2502 594 2566 dringentorum
618 2499 761 2547 mille
786 2503 1061 2548 scutorum
1086 2512 1295 2546 summa
1320 2496 1592 2560 persoluta
1628 2499 1765 2544 esset
1798 2499 1894 2543 aut

189 2583 472 2632 heredibus
506 2581 649 2631 suisd
687 2595 696 2629 :
734 2596 797 2629 ea
830 2579 1028 2628 etenim
1062 2593 1272 2627 summa
1305 2574 1593 2641 persolutag
1630 2575 1894 2625 fructibus

189 2680 372 2714 earum
402 2663 456 2712 in
487 2678 605 2711 eam
635 2661 853 2710 minime
882 2659 1182 2724 imputatis
1216 2658 1284 2707 ad
1313 2658 1399 2722 jus
1429 2673 1619 2706 corone
1649 2658 1893 2722 hujusce-

189 2746 336 2795 modi
366 2750 503 2794 terre
534 2745 695 2793 libere
726 2748 779 2792 et
811 2743 921 2792 sine
953 2740 1316 2791 controversia
1345 2739 1540 2788 reverti
1571 2739 1840 2788 debebant
1856 2739 1891 2788 1.

251 2918 291 2944 a.
318 2905 518 2956 Manque
543 2916 595 2942 en
620 2904 673 2941 P.
699 2925 757 2929 —
784 2902 820 2940 b.
848 2899 1262 2939 Autissiodorensis
1286 2899 1339 2938 P.
1363 2921 1423 2926 —
1445 2910 1479 2936 c.
1505 2897 1734 2948 simulque
1758 2898 1812 2936 P.
1835 2920 1895 2925 -—

190 2965 230 3003 sl.
254 2965 337 3003 Les
360 2965 502 3014 lignes
524 2963 599 3015 qui
620 2960 861 3014 pre'ckdent,
885 2960 1044 3012 depuis
1065 2971 1154 3010 que
1176 2959 1299 2998 ultra
1317 2956 1499 3009 jusqu'lz
1519 2957 1764 2996 heredibus
1785 2957 1893 3004 suis,
