2071 3302
210 215 299 271 148
429 226 502 256 DE
537 224 854 267 QUIBUSDAM
891 224 1103 256 OPPIDIS
1135 224 1170 255 A
1204 223 1429 256 FRANCIS
1463 225 1688 256 ADEPTIS

217 344 407 404 traque
445 342 682 387 metatus
721 343 818 395 est,
859 352 962 402 que
1001 353 1067 386 ex
1105 337 1427 401 quibusdam
1467 338 1669 403 stagnis
1706 338 1911 403 paludi-

215 424 422 489 busque
454 414 827 488 adjacentibus
858 422 1152 472 municiora
1184 427 1237 471 et
1268 438 1376 472 non
1407 423 1508 472 nisi
1539 439 1662 472 cum
1693 423 1912 473 difficul-

215 515 330 559 tate
368 514 530 574 atque
569 509 801 574 periculo
840 508 1163 557 accessibilia
1199 508 1576 558 reddebantur.
1619 509 1682 557 In
1719 509 1914 574 quibus

217 612 339 645 cum
373 595 577 660 aliquot
613 593 988 659 permansisset
1022 593 1208 642 diebus
1252 598 1306 642 et
1347 610 1379 642 a
1412 594 1737 643 Francorum
1769 610 1913 643 exer-

217 681 329 730 citu
369 685 505 729 esset
546 679 699 744 quasi
748 680 991 728 obsessus
1030 694 1127 727 nec
1179 679 1452 744 pugnandi
1494 680 1702 744 copiam
1742 680 1914 729 facere

217 771 399 815 tutum
425 766 694 814 ullatenus
721 773 866 813 esse‘fi
896 763 1242 822 existimaret,
1270 769 1435 813 noctu
1461 780 1583 814 cum
1606 765 1713 814 suis
1731 765 1911 830 Angli-

218 851 292 901 cis
317 851 581 901 Parisiusb
606 866 790 900 versus
812 849 1089 915 repedavit
1105 850 1140 899 1.

775 1088 1189 1138 CAPITULUM
1228 1088 1361 1137 XIV

217 1224 504 1289 QUOMODO
550 1235 766 1272 PLURES
812 1234 1100 1270 CIVITATEs
1146 1221 1482 1271 GALLIARUM
1528 1236 1600 1270 AB
1645 1222 1914 1272 ANGL1crs

286 1323 361 1358 AD
414 1310 700 1358 KAROLUM
752 1308 1107 1357 FRANCORUM
1170 1320 1362 1357 REGEM
1421 1321 1795 1357 DEFECERUNT
1844 1322 1914 1357 ET

288 1408 563 1456 QUOMODO
591 1394 906 1443 CARNOTUM
932 1406 1154 1443 CAPTUM
1181 1407 1325 1443 FUIT.

287 1541 404 1606 Quo
451 1540 698 1597 abeunte,
749 1538 940 1588 civitas
986 1538 1350 1588 Silvanectum
1396 1538 1725 1588 dedicionem
1771 1539 1912 1597 iecit,

219 1626 365 1691 quod
397 1631 450 1675 et
485 1625 759 1675 similiter⁰
795 1624 1196 1689 Compendium‚
1230 1624 1537 1682 Belvacum,
1575 1625 1912 1683 Laudunum,

219 1711 443 1770 SuessiO‚
482 1711 704 1761 Senonis
739 1710 899 1775 paulo
934 1715 1055 1775 post
1090 1709 1348 1774 pluraque
1385 1710 1488 1759 alia
1523 1709 1683 1774 opida
1716 1715 1770 1759 et
1805 1726 1914 1759 cas-

219 1797 378 1846 tella2
409 1797 665 1855 fecerunt,
701 1796 755 1845 in
787 1796 981 1861 quibus
1023 1795 1169 1844 nulla
1199 1795 1432 1844 militum
1470 1795 1699 1860 presidia
1730 1796 1816 1844 vel
1846 1795 1914 1844 ci-

218 1883 367 1932 vium
392 1887 445 1931 et
470 1882 765 1931 incolarum
788 1897 1010 1930 numero
1036 1897 1096 1929 ac
1121 1881 1323 1929 viribus
1347 1880 1572 1945 imparia
1597 1885 1760 1945 atque
1784 1881 1913 1929 infe-

218 1969 356 2017 riora
375 1968 686 2017 extiterunt.

287 2055 579 2103 Carnotum
627 2053 795 2102 eciam
843 2053 1180 2101 vaframento
1229 2052 1358 2101 satis
1406 2051 1596 2100 callido
1643 2057 1916 2117 receptum

219 2145 298 2189 est
314 2140 348 2189 3.
380 2140 521 2188 Nam
550 2155 672 2188 cum
700 2139 823 2187 illuc
852 2154 973 2203 sepe
1001 2137 1329 2202 ingrediatur
1356 2153 1606 2186 curruum
1635 2137 1914 2203 quadriga-

219 2241 442 2290 rumque
476 2224 787 2282 multitudo,
826 2223 1049 2287 contigit
1085 2222 1320 2287 quodam
1355 2222 1437 2271 die
1471 2227 1532 2272 ut
1567 2223 1786 2287 quidam
1819 2223 1915 2271 mi-

218 2311 353 2370 lites,
382 2310 573 2359 habitu
600 2310 824 2375 plebeyo
851 2314 904 2358 et
930 2308 1216 2367 rusticanO‚
1246 2308 1405 2357 armis
1432 2308 1674 2367 obtectis,
1703 2324 1916 2358 currum

220 2401 474 2446 onustum
509 2396 828 2460 aurigantes,
866 2410 1026 2459 supra
1059 2399 1279 2459 pontem
1312 2393 1657 2442 levaticiumd
1691 2399 1744 2442 et
1778 2394 1917 2443 infra

221 2467 433 2545 portam
458 2488 608 2529 cume
646 2479 890 2528 sisterent
916 2479 1244 2544 detectisque
1268 2479 1455 2544 gladiis
1479 2480 1726 2529 custodes
1763 2484 1915 2543 porte

221 2566 541 2630 jugularent,
582 2565 730 2629 signo
768 2565 994 2629 denique
1031 2581 1152 2613 cum
1188 2565 1430 2629 clangore
1467 2566 1595 2614 tube
1632 2566 1716 2614 vel
1752 2581 1916 2614 cornu

220 2651 404 2709 datos,
447 2655 776 2700 armatorum
816 2650 1039 2715 copiam,
1082 2659 1222 2715 quee‘ff
1261 2649 1418 2714 juxta
1457 2656 1668 2714 portam
1708 2650 1762 2698 in
1802 2666 1915 2714 spe-

280 2832 319 2857 α.
342 2818 398 2856 M
401 2831 541 2869 amque
564 2830 617 2856 en
636 2817 688 2856 P.
709 2840 767 2844 ——
793 2818 829 2856 b.
853 2817 1050 2856 Parisios
1068 2816 1121 2855 P.
1141 2839 1199 2843 —
1221 2829 1254 2855 c.
1276 2816 1544 2867 simpliciter
1566 2815 1619 2855 P.
1644 2838 1703 2844 ——
1725 2817 1766 2855 d.
1792 2817 1916 2856 leva-

220 2878 366 2917 ticum
390 2877 443 2916 P.
468 2900 527 2904 -—
549 2890 583 2916 e.
611 2881 657 2916 et
681 2877 734 2915 P.
760 2899 818 2904 —-
840 2877 871 2925 j.
894 2877 978 2915 Les
1003 2879 1111 2915 mots
1136 2887 1295 2915 cum...
1319 2887 1459 2914 cornu
1481 2876 1594 2914 dans
1615 2876 1658 2914 la
1680 2888 1842 2927 marge,
1865 2877 1915 2915 de
