2071 3302
200 218 291 260 186
452 229 526 260 DE
561 229 695 261 PACE
729 229 874 261 APUD
908 229 1235 261 ATREBATUM
1271 229 1439 261 FACTA
1478 217 1640 275 (1435)

199 347 353 392 tensa
387 358 614 407 suasque
646 346 825 408 partes
857 347 918 392 ut
954 342 1141 392 melius
1176 347 1393 407 possent
1425 343 1687 393 servaturi
1719 360 1780 393 ac
1812 344 1898 393 de-

198 423 412 474 fensuri.
444 425 508 473 In
541 413 757 489 propria
785 428 968 473 autem
999 433 1260 489 personaa
1293 424 1448 474 affuit
1474 424 1580 474 illic
1605 424 1896 490 Philippus,

195 505 639 571 Burgundionum
683 506 808 564 dux,
849 521 972 554 cum
1015 505 1199 555 multis
1239 506 1567 571 prelatorum
1609 510 1664 555 et
1708 506 1898 571 princi-

199 603 330 652 pum
363 587 705 652 virorumque
743 586 1004 636 nobilium
1047 591 1101 636 et
1145 586 1451 652 potentium
1491 587 1776 653 magnifico
1816 603 1899 637 co-

199 668 414 727 mitatu,
444 668 498 717 in
528 667 761 717 donariis
795 672 958 733 atque
991 668 1244 733 impensis
1272 673 1326 717 et
1362 669 1712 733 apparatibus
1738 669 1900 719 variis

198 749 471 815 magnifici
499 749 752 816 principis
780 750 1036 799 exhibens
1065 749 1402 815 dignitatem.
1434 751 1718 800 Affuerunt
1747 755 1807 802 et.
1831 751 1900 800 ad

199 836 527 881 conventum
576 831 726 881 illum
776 831 1199 882 reverendissimi
1250 848 1311 881 ac
1361 832 1731 897 preclarissimi
1779 832 1897 891 viri,

198 914 424 964 sciencia
481 913 881 979 virtutibusque
939 912 1215 979 insigniter
1284 914 1547 973 adornati,
1619 914 1902 964 cardinalis

201 998 392 1046 Sancte
421 996 598 1046 Crucis
613 996 649 1055 1,
680 995 1066 1046 Carthusiensis
1091 996 1267 1061 regule
1294 1000 1348 1045 et
1369 996 1724 1056 observancie,
1747 1012 1900 1062 apos-

199 1078 356 1127 tolice
387 1078 560 1128 sedisb
591 1079 798 1142 legatus
833 1078 936 1143 (cui
965 1082 1095 1127 tunc
1125 1077 1430 1143 presidebat
1460 1078 1730 1143 Eugenius
1758 1094 1901 1143 papa

199 1164 423 1225 quartus
434 1160 494 1224 ⁶),
514 1164 569 1208 et
592 1159 875 1209 cardinalis
896 1159 1056 1225 Cypri
1070 1159 1090 1188 2
1111 1160 1272 1224 vulgo
1295 1164 1653 1226 nuncupatUS‚
1675 1176 1707 1208 a
1729 1175 1899 1209 sacro-

199 1245 388 1291 sancta
424 1242 630 1307 synodo
667 1241 914 1307 generali,
956 1246 1086 1291 tunc
1121 1241 1328 1291 Basilee
1366 1246 1700 1307 congregata,
1741 1241 1899 1291 desti-

198 1328 374 1373 natus

267 1406 509 1470 Lugebat
554 1405 695 1454 enim
742 1406 934 1455 merito
980 1406 1423 1471 condolebatque,
1470 1410 1532 1455 ut
1577 1405 1667 1471 pia
1709 1409 1896 1464 mater,

198 1491 387 1537 sancta
413 1503 637 1537 romana
664 1493 718 1537 et
747 1493 868 1537 tota
895 1486 1208 1537 universalis
1232 1487 1468 1536 Ecclesia
1490 1492 1605 1536 tam
1628 1487 1820 1538 nobilis
1846 1491 1900 1535 et

199 1569 473 1634 potentisd
491 1571 766 1635 quondam
785 1578 874 1619 ace
894 1569 1319 1620 christianissimi
1347 1569 1493 1635 regni
1517 1574 1706 1634 totque
1731 1585 1899 1634 popu-

197 1651 372 1700 lorum
397 1651 808 1702 christianorum
835 1652 1216 1701 contricionem
1241 1657 1295 1700 et
1323 1651 1724 1710 desolacionem‚
1754 1651 1900 1716 quod

200 1733 326 1782 olim
374 1734 572 1799 clipeus
620 1738 673 1783 et
722 1734 996 1783 munimen
1045 1734 1308 1798 singulare
1357 1733 1680 1783 defencionis
1728 1733 1900 1782 tocius

199 1812 607 1863 christianitatis
649 1818 836 1863 contra
876 1813 1117 1863 inimicos
1159 1813 1443 1863 christiane
1484 1813 1748 1878 religionis
1788 1829 1899 1862 esse

199 1900 564 1945 consueverat.
592 1896 764 1954 Unde,
793 1896 939 1961 quod
963 1895 1045 1945 sui
1068 1895 1301 1944 muneris
1325 1895 1571 1961 exigebat
1596 1895 1753 1954 racio,
1781 1911 1898 1944 exe-

199 1975 407 2025 cucioni
446 1977 793 2035 demandans,
836 1977 1073 2042 prefatos
1111 1977 1574 2027 reverendissimos
1612 1981 1792 2042 patres
1831 1977 1899 2025 ad

198 2062 314 2106 tam
347 2063 595 2107 sanctum
629 2075 778 2124 opUS‚
816 2059 957 2108 unde
990 2059 1246 2108 solacium
1278 2063 1331 2108 et
1366 2059 1570 2108 fructus
1604 2059 1707 2108 toti
1739 2058 1898 2108 chris-

200 2139 441 2188 tianitati
479 2140 837 2204 provenirent,
879 2140 1279 2206 perficiendum,
1322 2140 1697 2189 sancciendum
1735 2144 1898 2205 atque

198 2222 561 2270 roborandum
591 2222 882 2272 destinavit
895 2224 923 2260 f
931 2264 939 2280 ‚
970 2222 1064 2287 qui
1092 2226 1146 2271 et
1176 2227 1356 2287 partes
1394 2221 1524 2271 inibi
1553 2222 1801 2271 collectas
1830 2222 1899 2271 ad

199 2303 344 2368 pacis
390 2304 592 2352 bonurn
640 2305 1055 2353 adhortarentur
1100 2309 1170 2362 et,
1220 2304 1312 2353 ubi
1358 2303 1623 2369 ingrueret
1670 2302 1899 2353 faciendi

198 2384 500 2443 necessitas
547 2401 644 2451 pro
689 2385 861 2435 tocius
906 2385 1047 2435 orbis
1091 2385 1366 2435 christiani
1410 2390 1463 2434 et
1475 2395 1502 2423 g
1534 2385 1765 2434 Ecclesie
1799 2385 1899 2434 Dei

199 2467 386 2524 salute,
411 2466 580 2515 eciam
601 2468 671 2516 ad
692 2467 747 2517 id
767 2467 1151 2532 perficiendum
1173 2483 1266 2532 per
1285 2467 1448 2532 gladii
1469 2466 1759 2532 spiritualis
1779 2481 1897 2516 cen-

199 2564 349 2597 suras
392 2548 630 2598 districte
673 2553 977 2598 coartarent
1027 2553 1306 2613 ceteraque
1354 2549 1550 2598 faceret
1569 2548 1591 2586 ’ἔ
1638 2564 1740 2613 que
1783 2552 1898 2597 tam

199 2630 488 2679 necessarie
534 2635 696 2695 atque
741 2631 1010 2680 fructuose
1055 2630 1129 2679 rei
1173 2631 1456 2695 profutura
1498 2630 1757 2688 viderent,
1805 2645 1897 2679 seu

200 2710 368 2761 eciam
391 2712 669 2762 obstancia
690 2713 937 2761 tollerent
959 2727 1062 2778 que
1084 2711 1410 2761 conficiende
1441 2711 1750 2776 hujusmodi
1778 2711 1898 2776 paci

256 2870 296 2895 α.
317 2858 460 2907 Lepon
484 2858 534 2896 de
553 2858 594 2896 P
607 2869 622 2902 ,·
641 2870 838 2910 persona
864 2871 1051 2910 memque
1072 2871 1125 2898 en
1151 2858 1202 2897 G.
1221 2880 1280 2885 —
1300 2857 1337 2897 b.
1358 2857 1477 2897 sedis
1493 2855 1744 2909 apostolice
1764 2856 1818 2896 P.
1839 2880 1898 2884 —

198 2929 234 2957 c.
257 2920 343 2966 4tus
364 2917 414 2956 G.
430 2939 489 2944 —
506 2918 547 2956 d.
568 2929 622 2956 ac
639 2917 763 2969 potis
782 2919 834 2957 P.
855 2940 913 2945 —
931 2931 964 2956 e.
987 2921 1033 2956 et
1051 2918 1105 2956 Ρ.
1124 2939 1183 2945 —-
1199 2917 1231 2966 f.
1248 2916 1543 2956 destinarunt
1561 2916 1614 2955 P.
1635 2928 1746 2967 —g.
1768 2927 1821 2955 ac
1839 2916 1893 2954 P.

199 2999 259 3005 —
279 2975 320 3014 h.
346 2975 552 3016 facerent
574 2977 628 3016 P.
