2071 3302
165 191 254 232 168
363 200 634 231 LATINIACI
669 200 931 231 OBSIDIUM
962 199 1223 231 SOLVITUR
1257 187 1337 244 (10
1363 199 1488 230 AUG.
1525 188 1664 243 1432)

165 318 435 364 matorum
478 313 779 379 agminibus
821 311 1279 378 Burgundionum,
1315 312 1715 377 Anglorumque
1756 328 1868 362 cas-

170 400 256 445 tra
282 400 533 445 strennue
561 395 893 454 invaderent,
925 394 1056 444 cesis
1083 409 1149 443 ex
1177 393 1250 443 eis
1285 393 1526 459 plurimis
1564 393 1868 459 fugatisque

169 477 356 527 ceteris
391 477 685 542 castrisque
719 475 911 535 exutiS,
950 475 1171 541 opidum
1206 475 1416 524 diutina
1448 475 1561 540 jam
1595 474 1868 525 obsidione

167 559 459 624 fatigatum
497 563 550 608 et
588 559 788 608 lassum
826 558 881 606 in
921 573 1073 607 suam
1111 557 1461 607 restituerunt
1510 557 1865 606 libertateml.

167 642 287 691 Hac
335 645 517 689 autem
562 638 854 705 ignominia
899 639 1216 704 jacturaque
1263 642 1525 703 suscepta,
1575 654 1697 688 cum
1743 639 1870 688 urbs

165 722 310 787 regia
340 721 572 772 Parisius
599 720 831 771 viciniaa
865 720 1142 779 Latiniaci,
1175 720 1321 785 opidi
1349 735 1510 785 supra
1536 720 1867 769 Matemam0

172 805 371 853 flumen
406 802 511 863 siti,
548 802 732 852 multis
768 804 1064 852 afficeretur
1097 801 1419 860 maleficiis0,
1465 817 1531 850 ex
1571 806 1743 850 morte
1778 802 1868 865 Jo-

167 887 344 935 hanne
383 885 562 935 dicted
601 885 795 943 Puelle,
836 900 941 949 que
980 888 1197 933 tantum
1241 899 1330 933 eos
1375 888 1721 941 exterruerat,
1761 884 1868 932 An-

166 967 303 1032 glici‚
342 967 545 1017 viribus
580 971 873 1031 utcumque
909 965 1207 1030 animisque
1241 965 1482 1030 receptiS,
1521 965 1869 1014 decreverunt

168 1049 357 1099 urbem
382 1048 730 1098 infestacione
760 1048 890 1097 dicti
918 1047 1064 1113 opidi
1090 1047 1328 1097 liberare.
1361 1047 1559 1096 Contra
1585 1047 1732 1112 quod
1759 1062 1868 1096 cas-

169 1136 256 1179 tra
274 1132 595 1189 methantes,
618 1130 795 1195 ipsum
814 1128 996 1179 valida
1015 1128 1289 1178 obsidione
1310 1128 1607 1178 cinxerunt.
1630 1129 1870 1193 Eratque

168 1228 384 1278 presens
412 1212 467 1260 in
495 1212 683 1261 eadem
709 1210 1020 1260 Bethfordie
1050 1211 1175 1269 dux,
1207 1209 1301 1275 qui
1328 1226 1512 1275 regens
1541 1225 1633 1259 seu
1661 1209 1871 1259 vicerex

172 1294 393 1343 Francie
420 1310 516 1359 pro
542 1293 836 1359 Anglorum
864 1292 1108 1357 partibus
1135 1292 1428 1342 dicebatur.

239 1380 586 1445 Sategerunte
625 1384 808 1428 autem
844 1378 1052 1443 Anglici
1087 1377 1250 1427 variis
1288 1377 1462 1427 modis
1499 1393 1560 1426 ac
1599 1376 1870 1426 machina-

169 1462 366 1512 mentis
391 1467 453 1511 ut
479 1461 655 1527 ipsum
681 1461 902 1526 opidum
927 1460 982 1510 vi
1008 1459 1273 1524 armisque
1299 1464 1682 1524 expugnarent,
1710 1457 1867 1517 saxis,

172 1543 416 1609 petrariis
437 1548 490 1592 et
513 1542 794 1592 tormentis
814 1542 1074 1600 menibus,
1099 1541 1335 1590 turribus
1355 1539 1870 1605 propugnaculisque

172 1626 393 1691 dejectis
423 1641 484 1674 ac
514 1625 719 1674 dirutis,
754 1624 857 1674 Sed
884 1624 980 1673 hec
1009 1623 1189 1672 omnia
1216 1623 1270 1671 in
1300 1623 1510 1671 irritum
1538 1622 1736 1671 eisdem
1764 1637 1870 1671 ces—

172 1711 370 1757 serunt.
409 1707 733 1772 Quanquam
767 1706 909 1755 enim
944 1705 1164 1770 opidum
1197 1704 1443 1753 menibus
1477 1708 1530 1752 et
1565 1704 1706 1752 vallo
1741 1703 1871 1753 satis

172 1789 406 1838 tenuiter
430 1793 483 1838 et
509 1788 715 1837 exiliter
739 1787 1010 1837 munitum
1035 1787 1187 1845 foret,
1215 1791 1366 1834 erant
1392 1790 1574 1834 tamen
1598 1785 1744 1835 intus
1767 1785 1870 1834 for-

171 1870 500 1920 tissimorum
529 1886 594 1919 ex
623 1870 839 1919 Francis
868 1874 921 1917 et
952 1868 1123 1918 Scotis
1152 1868 1388 1917 virorum
1416 1867 1596 1916 valida
1624 1866 1867 1932 presidia,

172 1952 280 2018 qui,
328 1968 451 2002 cum
494 1968 670 2001 rerum
713 1951 1024 2001 bellicarum
1068 1955 1121 1999 et
1167 1949 1520 1998 tutandarum
1565 1948 1765 1997 arcium
1810 1963 1872 1997 ac

174 2035 630 2084 defendendarum
671 2033 828 2099 periti
869 2037 1060 2090 essent,
1105 2036 1293 2080 contra
1332 2031 1625 2095 Anglorum
1667 2046 1870 2095 aggres-

172 2132 322 2166 suras
358 2121 412 2165 et
450 2115 726 2165 molimina
762 2113 1164 2179 vigilantissime
1202 2113 1435 2161 remedia
1467 2113 1868 2176 opponebant-f.

174 2198 330 2248 Unde
353 2198 559 2247 factum
582 2202 662 2246 est
685 2201 746 2245 ut
770 2195 991 2260 Anglici,
1017 2195 1138 2244 licet
1163 2195 1266 2244 illic
1289 2211 1411 2243 cum
1433 2194 1612 2243 valido
1636 2193 1872 2242 exercitu

175 2280 268 2329 diu
302 2280 432 2329 satis
467 2283 643 2328 castra
677 2278 988 2336 tenuissent,
1027 2277 1202 2342 ipsum
1237 2281 1418 2325 tamen
1454 2276 1673 2341 opidum
1707 2291 1870 2340 expu-

174 2377 335 2426 gnare
376 2361 593 2410 minime
634 2365 942 2425 potuerunt.
989 2360 1150 2408 Porro
1192 2374 1314 2407 cum
1356 2358 1580 2407 obsessis
1619 2357 1766 2406 nulla
1807 2357 1871 2405 de

175 2443 302 2492 foris
341 2443 657 2492 victualium
695 2447 748 2491 et
787 2457 963 2490 rerum
1001 2440 1414 2490 necessariarum
1453 2439 1648 2488 solacia
1685 2454 1870 2503 prove-

176 2524 367 2582 nirent,
401 2525 516 2573 dira
544 2524 764 2572 tandem
792 2524 933 2571 tame
962 2538 1027 2571 ex
1057 2522 1310 2586 temporis
1339 2521 1694 2576 diuturnitate
1723 2535 1870 2569 cons-

176 2605 322 2655 tricti
344 2611 485 2656 sunt.

245 2688 402 2752 Quod
447 2703 554 2737 non
599 2687 892 2737 nescientes
938 2685 1143 2743 Franci,
1191 2684 1561 2749 gravissimam
1605 2683 1872 2747 jacturam

175 2774 505 2834 reputantes,
535 2769 578 2819 si
604 2769 824 2834 opidum
849 2769 1040 2833 ipsum,
1069 2767 1215 2832 quod
1240 2767 1309 2815 ad
1334 2766 1637 2815 venandam
1662 2764 1871 2830 capien-

238 2943 277 2968 a.
304 2929 361 2968 Ce
383 2932 469 2968 mot
490 2930 601 2968 dans
623 2929 666 2967 la
688 2939 849 2978 marge,
869 2929 918 2967 de
940 2927 982 2966 la
1004 2926 1127 2966 main
1149 2927 1198 2965 de
1219 2925 1422 2970 l'auteur,
1445 2936 1496 2963 en
1524 2925 1559 2964 G
1575 2936 1590 2968 ,·
1606 2923 1871 2963 Parisiensis
