2071 3302
239 225 333 268 244
637 221 897 253 FLAMINGI
935 221 1269 252 OBSIDIONEM
1307 221 1548 254 SOLVUNT

240 353 465 402 rumque
513 353 620 402 quo
666 336 985 386 venumdati
1032 336 1207 385 forent
1255 352 1322 385 ex
1364 337 1558 401 Anglia
1597 337 1652 386 in
1699 338 1943 402 proximo

241 418 419 469 afferri
448 405 696 476 deberet(
714 417 854 466 illico
893 418 1094 481 absque
1125 417 1207 466 sui
1247 417 1501 483 principis
1531 419 1670 468 scitu
1699 419 1792 484 qui
1822 436 1944 469 cum

240 502 349 552 suis
371 501 608 550 Picardis
628 515 850 548 numero
871 498 1056 563 paucis
1076 515 1143 547 ex
1164 499 1360 548 altera⁰
1380 505 1534 564 parte
1555 506 1732 550 castra
1757 517 1944 566 posue·

240 589 325 633 rat
363 582 548 648 pavidi
584 580 932 645 exterritique
962 580 1230 644 fugerunt,
1263 581 1449 630 relicta
1478 582 1719 646 profecto
1748 583 1803 631 in
1833 600 1944 633 cas·

240 665 337 714 tris
375 663 606 728 plurima
645 678 859 711 annona
897 677 1062 726 quam
1101 662 1165 710 de
1213 662 1394 711 butiro
1440 668 1494 712 et
1534 664 1768 714 cervisiis
1806 670 1943 714 cete-

238 747 415 810 risque
444 761 537 794 seu
565 745 634 793 ad
662 744 869 793 victum
898 760 990 793 seu
1019 744 1088 792 ad
1126 744 1251 793 belli
1280 744 1604 809 adparatum
1638 747 1946 797 necessariis

238 827 340 892 ipsi
374 826 638 891 Flamingi
671 826 760 874 illo
795 826 1209 875 advexerantbl.
1237 827 1309 875 Et
1344 827 1417 875 sic
1451 827 1726 876 obsidione
1749 829 1941 887 soluta,

238 909 447 974 inglorii
475 909 808 972 infamesque
838 907 1030 966 effecti,
1064 908 1294 972 plurima
1323 908 1466 972 passi
1496 908 1733 974 dampna
1767 926 1944 959 rerum

238 1007 472 1049 suarum,
520 1006 654 1055 quas
698 1006 790 1054 pre
841 989 1006 1038 nimio
1060 990 1298 1039 hostium
1341 1007 1541 1055 pavore
1584 991 1945 1056 relinquentes

239 1073 551 1137 abjecerunt
579 1071 904 1135 minimeque
934 1071 1190 1129 tulerunt,
1223 1072 1292 1120 ad
1320 1073 1536 1137 propria
1571 1079 1718 1122 cum⁶
1748 1089 1945 1138 magna

237 1154 540 1218 fugitarunt
574 1152 938 1202 festinacione.
975 1152 1308 1202 Estimantes
1341 1153 1483 1202 enim
1516 1155 1697 1204 hostes
1731 1171 1762 1203 a
1795 1159 1944 1220 tergo

237 1251 291 1285 se
321 1235 529 1300 insequi
558 1239 612 1284 et
642 1234 884 1283 cominus
913 1233 1147 1292 iminere,
1180 1239 1241 1283 ut
1272 1235 1632 1299 expediciores
1662 1236 1731 1285 ad
1760 1236 1944 1301 fugam

236 1318 601 1375 redderentur,
642 1317 832 1366 loricas
869 1321 923 1365 et
965 1321 1171 1366 toraces
1208 1322 1490 1382 ceteraque
1531 1318 1727 1382 quibus
1763 1319 1944 1369 onusti

237 1405 413 1449 essent
445 1415 594 1448 arma
625 1399 856 1463 turpiter
886 1399 1063 1463 plures
1094 1415 1160 1448 ex
1190 1398 1318 1463 ipsis
1356 1399 1704 1464 proiciebant.
1741 1419 1760 1445 «
1791 1400 1942 1450 Pedi-

237 1482 337 1531 bus
360 1501 380 1526 »
401 1481 559 1539 enim,
592 1485 654 1529 ut
685 1485 848 1545 poeta
876 1480 1131 1545 loquitur,
1156 1480 1358 1530 «timor
1387 1481 1461 1531 eis
1492 1482 1701 1531 addidit
1732 1482 1844 1532 alas
1870 1482 1940 1532 »2.

236 1563 471 1612 Vidisses
521 1578 674 1627 agros
726 1567 780 1611 et
834 1562 1002 1611 fossas
1051 1578 1160 1626 qua
1201 1562 1400 1627 quique
1442 1568 1686 1612 tenerent
1729 1580 1942 1613 cursum

237 1644 397 1694 armis
421 1660 731 1708 conspersos
756 1648 919 1708 atque
943 1648 1090 1693 satos
1110 1659 1120 1702 ;
1148 1660 1251 1708 que
1274 1644 1519 1693 vecordie
1544 1650 1707 1709 atque
1731 1645 1942 1710 ignavie

235 1743 419 1776 eorum
457 1726 550 1791 qui
587 1741 650 1774 ea
688 1725 1024 1789 abjecissent,
1066 1724 1261 1789 quibus
1298 1725 1476 1775 nullus
1513 1730 1644 1775 tunc
1681 1726 1941 1776 iminebat

234 1809 419 1867 hostis,
445 1808 634 1857 efficax
655 1812 709 1856 et
730 1807 973 1856 validum
995 1806 1366 1856 testimonium
1388 1808 1744 1872 preferebant.

303 1888 417 1953 Que
436 1888 677 1953 profecto
696 1885 841 1936 nond
861 1887 1086 1937 dicimus
1100 1893 1161 1936 ut
1181 1887 1415 1952 patriam
1434 1888 1607 1953 ipsam
1619 1893 1940 1955 gentemque

234 1970 481 2019 Flandrie
514 1969 721 2034 probris
754 1974 848 2018 aut
882 1969 1218 2018 contumeliis
1255 1970 1504 2019 insectari
1536 1985 1651 2020 seue
1687 1972 1940 2021 lacessere

233 2052 577 2101 intendamus
591 2052 626 2100 3.
676 2052 775 2100 Est
821 2050 963 2100 enim
1008 2067 1136 2116 gens
1180 2052 1338 2100 valde
1384 2052 1649 2102 industria
1694 2058 1747 2102 et
1794 2054 1939 2102 omni

232 2133 588 2183 humanitatis
624 2134 774 2182 cultu
810 2133 1165 2190 ornatissima,
1205 2134 1662 2197 quemadmodum
1697 2135 1939 2199 insignis-

232 2214 367 2264 sima
406 2214 567 2279 opida
606 2218 770 2278 atque
809 2213 1021 2262 edificia
1066 2213 1261 2278 quibus
1312 2219 1455 2263 terra
1499 2215 1590 2264 illa
1639 2216 1819 2280 opleta
1857 2222 1938 2266 est

231 2295 647 2345 luculentissime
667 2295 1035 2345 manifestant.
1059 2295 1162 2345 Sed
1181 2311 1303 2344 cum
1323 2296 1429 2345 sint
1449 2297 1549 2346 sub
1567 2298 1939 2361 hujuscemodi

230 2377 773 2442 magnificentissimis
799 2377 957 2426 tectis
981 2382 1035 2426 et
1061 2377 1115 2425 in
1142 2377 1341 2427 deliciis
1367 2383 1531 2442 atque
1557 2379 1671 2428 ocio
1697 2379 1937 2438 enutriti,

231 2460 300 2508 ad
327 2475 409 2508 res
435 2459 695 2508 bellorum
725 2459 885 2508 duras
913 2464 1075 2523 atque
1105 2475 1334 2523 asperas,
1356 2460 1496 2509 nisif
1520 2461 1848 2526 competenti
1867 2462 1936 2510 ad

231 2541 362 2590 talia
399 2540 662 2606 tyrocinio
699 2540 845 2605 prius
883 2540 1169 2589 assuefacti
1206 2541 1491 2606 duratique
1528 2548 1720 2601 essent,
1759 2543 1936 2593 minus

231 2622 427 2688 ydonei
450 2622 813 2680 inveniuntur,
841 2638 1153 2686 quanquam
1177 2638 1393 2687 corpore
1417 2640 1635 2688 procero
1659 2640 1720 2673 ac
1743 2630 1935 2690 vegeto

291 2783 330 2808 a.
358 2769 448 2808 alia
472 2770 525 2807 P.
550 2791 609 2796 -
635 2769 672 2807 b.
700 2769 995 2808 adduxerant
1018 2770 1071 2808 P.
1097 2792 1156 2796 —
1178 2782 1212 2808 c.
1238 2769 1426 2822 Reporte'
1448 2784 1500 2809 en
1525 2772 1565 2810 P
1589 2775 1721 2811 avant
1744 2773 1932 2812 festina·

230 2829 372 2868 cione.
399 2851 458 2855 ——
481 2828 521 2866 d.
551 2828 609 2867 Ce
636 2832 722 2866 mot
746 2829 859 2867 dans
884 2829 1167 2880 l'z'uterligne,
1196 2830 1245 2868 de
1270 2830 1314 2869 la
1339 2830 1463 2869 main
1488 2831 1538 2870 de
1564 2831 1767 2878 l’auteur‚
1794 2845 1846 2871 en
1879 2833 1928 2872 G.

229 2911 287 2915 —
306 2902 340 2927 e.
365 2891 447 2927 aut
467 2889 521 2926 P.
543 2910 602 2914 —
620 2887 652 2936 s.
678 2900 759 2926 nec
781 2889 834 2926 P.

293 3026 327 3052 1.
353 3029 367 3049 «
389 3013 433 3052 Si
455 3026 501 3052 se
522 3017 894 3053 commencerent
915 3027 942 3053 a
962 3015 1185 3066 deslogier
1205 3028 1260 3054 en
1281 3015 1454 3055 faisant
1474 3019 1566 3055 tres
1586 3018 1731 3068 grand
1751 3017 1879 3057 bruit
1898 3033 1927 3063 »,
