2071 3302
183 208 242 251 74
369 206 443 237 DE
478 205 728 237 FOEDERE
763 205 797 236 A
833 205 1079 236 PHILIPPO
1115 205 1226 236 CUM
1262 205 1454 236 ANGLIS
1490 205 1696 244 JUNCTO

251 319 529 384 Philippus
560 295 751 383 nempe
767 319 802 377 1,
840 318 978 368 filius
1010 318 1141 383 ejus,
1176 318 1259 367 vir
1288 319 1476 383 utique
1507 319 1688 384 magni
1722 319 1886 368 animi

107 457 110 461 ,
181 406 236 451 et
269 401 325 450 in
357 401 530 459 rebUS,
567 405 689 450 tum
719 399 858 459 belli,
895 405 1013 449 tum
1046 400 1208 465 paciS,
1245 400 1684 450 administrandis
1716 405 1770 450 et
1799 417 1884 466 ge—

181 482 357 532 rendis
394 482 705 540 industrius,
747 486 862 531 tam
901 481 1168 531 crudelem
1205 498 1390 531 necem
1427 482 1597 547 patris
1635 487 1689 532 et
1727 483 1884 532 caris-

181 564 301 614 simi
330 563 584 629 genitoris
615 563 696 613 sui
726 563 884 613 nimis
915 563 1129 628 indigne
1161 564 1349 622 ferens,
1384 564 1454 613 ad
1483 580 1603 613 eam
1633 564 1884 614 ulciscen-

182 647 309 696 dam
336 647 681 695 vehementer
709 645 949 694 animum
977 645 1228 702 intendit,
1260 661 1314 695 se
1342 646 1637 710 Anglorum
1664 646 1773 710 regi
1801 662 1885 695 co—

181 728 372 793 pulans
403 732 456 776 et
489 727 664 776 federe
695 726 1021 776 fortissimoa
1056 726 1360 776 devinciens
1376 727 1410 785 2,
1443 727 1567 777 licet
1599 727 1669 776 ad
1698 743 1885 777 verum

181 814 390 859 constet
430 809 503 858 eis
542 824 821 874 nunquam
861 813 1019 858 tanta
1057 808 1351 873 prestitisse
1392 809 1592 858 auxilia
1631 809 1886 859 adversus

182 891 428 949 Francos,
466 896 674 956 quanta
706 890 858 940 facile
893 890 1100 940 facereb
1136 891 1415 955 potuisset.
1452 891 1651 940 Contra
1683 907 1772 940 eos
1805 896 1884 940 ta-

181 989 303 1022 men
352 974 483 1022 fines
529 988 651 1022 suos
697 988 804 1021 non
850 973 1011 1021 modo
1023 983 1042 1002 ⁶·
1089 977 1341 1022 strennue
1389 972 1645 1031 defendit,
1698 988 1886 1022 verum

180 1055 349 1104 eciam
383 1070 535 1119 agros
568 1059 621 1103 et
655 1059 824 1103 terras
857 1070 1075 1104 suorum
1107 1054 1445 1103 inimicorum
1476 1054 1730 1119 gravibus
1763 1069 1886 1119 sepe

182 1136 517 1185 detrimentis
541 1141 704 1200 atque
729 1135 977 1200 dampnis
1001 1136 1196 1185 affecit.
1224 1136 1395 1194 Unde,
1423 1152 1546 1185 cum
1569 1136 1729 1185 duces
1755 1152 1885 1185 non-

181 1218 312 1268 nulli
341 1233 464 1267 cum
492 1233 687 1282 magno
718 1217 927 1283 agmine
956 1217 1167 1266 illorum
1197 1218 1290 1282 qui
1317 1218 1609 1267 Arminiaci
1639 1217 1884 1267 diceban-

181 1306 285 1358 tur,
310 1300 539 1365 aggressi
559 1300 815 1364 populare
836 1304 1004 1349 terras
1025 1315 1163 1358 suas,
1188 1300 1257 1348 ad
1279 1300 1580 1349 Picardiam
1597 1299 1884 1357 venissetd,

181 1398 345 1447 prope
370 1382 555 1430 villam
579 1397 672 1431 seu
697 1381 919 1446 opidum
950 1381 1131 1431 Sancti
1161 1381 1393 1430 Richerii
1418 1381 1730 1431 conflictum
1755 1381 1887 1431 satis

181 1463 536 1528 periculosum
568 1463 760 1512 habuit
776 1463 810 1513 3.
848 1463 1012 1528 Cujus
1044 1463 1167 1513 licet
1201 1463 1358 1512 inicio
1393 1463 1674 1528 ambiguus
1707 1468 1761 1512 et
1795 1479 1886 1512 an-

182 1561 304 1610 ceps
330 1546 544 1594 futurus
569 1545 841 1594 videretur
866 1545 1057 1604 exitus,
1086 1562 1228 1594 nunc
1255 1561 1377 1604 una,
1406 1561 1548 1594 nunc
1575 1546 1743 1594 altera
1768 1561 1886 1609 par-

182 1627 356 1677 tibuse
385 1627 618 1676 vicissim
646 1627 891 1676 hostibus
920 1627 1028 1677 suis
1056 1628 1239 1676 cedere
1269 1627 1663 1692 incipientibus,
1696 1627 1751 1675 in
1782 1628 1886 1676 fine

182 1716 366 1758 tamen
395 1725 517 1758 cum
546 1709 676 1758 satis
704 1725 899 1773 magno
932 1709 1170 1758 hostium
1209 1709 1445 1773 dampno
1483 1709 1657 1758 victor
1692 1709 1882 1766 evasit,

182 1791 380 1840 eisdem
405 1791 604 1855 partim
629 1791 774 1849 cesis,
803 1791 1002 1855 partim
1027 1791 1157 1840 fusis
1182 1796 1235 1840 et
1261 1791 1360 1840 sibi
1385 1807 1478 1856 per
1503 1791 1686 1855 fugam
1709 1807 1885 1840 neces-

182 1873 377 1922 sariam
403 1872 818 1922 consulentibus.
850 1873 1146 1937 Ferturque
1172 1873 1226 1921 in
1253 1873 1342 1921 illo
1368 1873 1532 1937 prelio
1558 1873 1707 1922 miles
1734 1873 1885 1921 effec-

182 1960 270 2004 tus
284 1955 320 2013 4,
361 1971 484 2003 cum
521 1955 724 2019 primus
761 1955 845 2003 ille
884 1955 1166 2004 conflictus
1205 1955 1341 2004 foret
1379 1955 1433 2003 in
1472 1971 1578 2019 quo
1617 1960 1887 2003 armatum

182 2053 305 2086 eum
332 2037 634 2086 interfuisse
663 2036 971 2101 contigisset
988 2036 1021 2085 5.

250 2120 322 2167 Et
350 2109 443 2166 ita‘
456 2134 578 2182 sepe
605 2118 744 2166 inter
772 2118 1105 2167 Arminiacos
1134 2119 1431 2183 appellatos
1469 2124 1522 2167 et
1551 2118 1885 2183 Burgundio-

182 2215 290 2257 neS,
325 2199 546 2249 diversis
576 2200 630 2248 in
667 2200 795 2250 locis
840 2206 892 2248 et
931 2200 1188 2258 terminis,
1225 2200 1374 2249 vario
1410 2205 1581 2249 marte
1619 2205 1886 2249 certatum

182 2286 279 2340 est,
301 2287 353 2330 et
373 2281 651 2345 utriusque
666 2281 834 2346 partis
854 2283 1007 2346 plura
1029 2282 1205 2346 opida,
1227 2282 1445 2332 castella
1465 2287 1517 2331 et
1538 2282 1661 2331 ville
1679 2282 1884 2346 direpte

183 2367 236 2412 et
255 2368 485 2412 vastate.

240 2524 280 2550 α.
308 2511 571 2551 firmissimo
595 2513 647 2551 Ρ.
671 2535 729 2540 —-
754 2513 790 2552 b.
815 2512 1015 2565 Umzque
1036 2525 1089 2551 en
1111 2513 1164 2552 P.
1185 2536 1245 2540 —
1275 2525 1309 2553 c,
1346 2526 1437 2552 non
1464 2514 1602 2587 modo
1639 2513 1752 2553 fines
1780 2526 1886 2553 suos

185 2572 237 2610 P.
259 2594 318 2598 ——
337 2572 377 2610 d.
400 2575 629 2611 venerunt
650 2572 703 2611 Ρ
723 2595 782 2600 ——
800 2584 834 2611 e.
856 2573 1062 2623 partium
1082 2574 1135 2612 P.

249 2713 286 2740 1.
318 2702 529 2754 Philippe
555 2702 596 2741 le
620 2703 735 2748 Bon,
767 2703 838 2742 fils
865 2704 921 2742 de
949 2703 1066 2754 Jean
1087 2704 1344 2744 Sans-Peur
1370 2707 1417 2743 et
1443 2704 1499 2743 de
1526 2704 1804 2755 Marguerite
1830 2705 1886 2744 de

184 2760 392 2807 Baviere‚
418 2761 535 2800 etait
557 2762 613 2800 ne'
636 2762 677 2801 le
704 2774 754 2812 13
777 2762 879 2814 juin
907 2765 1032 2812 1396.

245 2831 285 2860 2.
312 2821 375 2860 Le
399 2821 539 2860 traite
563 2824 634 2861 est
657 2822 718 2860 du
745 2833 798 2872 25
825 2822 1066 2862 decembre
1095 2833 1220 2873 1419.
1248 2822 1288 2861 Il
1312 2835 1339 2861 a
1362 2822 1435 2862 ete
1458 2822 1615 2874 publie
1640 2835 1695 2862 en
1718 2823 1881 2875 partie,

185 2878 367 2932 d'apres
386 2880 613 2932 l’original
632 2881 712 2920 des
732 2881 941 2921 archives
960 2882 1017 2921 de
1036 2881 1163 2928 Lille,
1185 2894 1269 2934 par
1291 2882 1483 2933 Kervyn
1503 2883 1560 2921 de
1579 2882 1883 2928 Lettenhove,

183 2939 382 2979 Histoire
401 2940 450 2979 de
470 2939 679 2986 Flandre,
699 2940 813 2980 livre
832 2941 934 2981 XV.
956 2941 1022 2980 Cf.
1044 2941 1309 2993 Quicherat,
1329 2944 1364 2981 t.
1387 2941 1422 2987 I,
1443 2953 1487 2993 p.
1510 2953 1579 2992 39,
1600 2954 1643 2981 n.
1669 2953 1705 2981 1.
