2071 3302
257 267 352 308 290
504 266 577 297 DE
613 265 939 298 SUFFOLCIAE
975 265 1120 297 DUCE
1156 265 1214 297 IN
1250 265 1524 297 FRANCIAM
1561 266 1716 298 MISSO

251 381 547 445 Anglorum
584 396 683 429 rex>
716 379 1036 429 adolevisset
1052 379 1088 437 1,
1129 379 1434 444 cogitarunt
1474 395 1715 444 proceres
1752 378 1956 444 Anglie,

253 478 319 510 ne
345 478 568 526 regnum
593 461 770 526 ipsum
795 460 1062 525 legittima
1086 460 1414 510 successione
1440 465 1659 519 careret,
1687 465 1749 510 ut
1775 461 1958 526 conju-

253 559 373 608 gem
402 543 467 592 de
497 544 657 592 domo
687 542 868 607 aliqua
896 541 1090 591 illustri
1118 541 1220 592 sibi
1247 547 1530 606 quererent
1551 557 1562 601 ;
1592 547 1647 592 et
1675 558 1784 592 non
1812 542 1958 592 inve-

251 625 459 674 nientes
499 624 841 674 illustriorem
882 623 1104 673 domum
1144 640 1309 688 quam
1349 639 1567 689 reguma
1611 624 1848 683 Francie,
1893 624 1958 673 de

252 707 440 756 eadem
475 706 635 755 domo
670 722 790 755 eam
823 705 1238 771 perquirendam
1273 706 1640 755 decreverunt.
1679 707 1779 755 Per
1812 706 1959 771 quod

249 787 656 837 matrimonium
689 804 809 852 spes
842 786 1012 836 eciam
1044 787 1274 836 ineunde
1308 791 1362 836 et
1395 787 1779 837 reconsiliande
1811 787 1959 852 pacis

247 870 389 919 inter
410 886 557 934 reges
579 874 633 919 et
655 885 819 935 regna
840 869 1048 934 concipi
1070 873 1124 918 et
1148 869 1317 934 accipi
1339 874 1535 934 posset.
1561 869 1798 919 Diutinis
1816 868 1959 918 enim

247 951 546 1001 inimiciciis
596 956 760 1016 atque
810 950 961 1001 bellis
1010 951 1290 1016 utriusque
1339 951 1487 1016 regni
1535 951 1675 1000 vires
1723 951 1959 1000 multum

248 1033 437 1083 attrite
470 1033 841 1098 diminuteque
872 1038 1042 1083 erant.
1078 1034 1257 1098 Longe
1290 1038 1474 1082 tamen
1505 1037 1560 1082 et
1592 1048 1726 1098 pene
1757 1032 1958 1081 incom-

249 1114 562 1179 parabiliter
604 1115 774 1180 magis
818 1115 1146 1164 Francorum
1189 1130 1412 1179 regnum
1456 1130 1620 1178 quam
1662 1114 1958 1179 Anglorum

251 1197 531 1246 attritumb
560 1197 993 1261 exhaustumque
1023 1201 1155 1245 erat.
1190 1197 1364 1245 Immo
1394 1201 1524 1245 tunc
1554 1195 1788 1244 maxime
1823 1195 1957 1244 divi-

245 1278 342 1329 ciis
367 1283 421 1328 et
447 1278 654 1344 opibus,
683 1283 803 1328 tum
827 1277 892 1327 de
924 1277 1106 1343 spoliis
1130 1278 1353 1327 Francie
1377 1277 1634 1327 immense
1658 1277 1957 1327 estimacio-

242 1362 329 1412 nis
354 1362 410 1411 in
435 1361 685 1426 Angliam
710 1359 953 1419 invectiS,
983 1364 1103 1409 tum
1128 1365 1182 1409 et
1208 1360 1482 1409 variarum
1508 1374 1598 1409 acc
1627 1359 1958 1424 locupletum

248 1460 349 1493 usu
397 1448 451 1492 et
501 1441 809 1507 frequencia
856 1441 1311 1506 negociacionum‚
1363 1441 1480 1506 ipsa
1528 1440 1722 1505 Anglia
1773 1441 1958 1489 florere

247 1526 581 1575 cernebatur.
615 1525 729 1590 Que
758 1524 1018 1574 intestina
1046 1540 1262 1588 prorsus
1291 1524 1439 1573 nulla
1467 1524 1608 1573 bella
1636 1528 1767 1572 tunc
1795 1522 1957 1572 habe-

246 1608 376 1666 bat;
415 1607 470 1656 in
507 1607 662 1657 terris
699 1611 882 1656 autem
919 1605 1214 1656 Galliarum
1251 1606 1344 1655 diu
1379 1606 1520 1655 bella
1555 1611 1789 1671 gesserat
1827 1606 1958 1655 satis

247 1689 487 1748 feliciter,
512 1689 654 1738 unde
677 1703 804 1753 opes
826 1704 960 1752 pene
982 1687 1289 1737 innumeras
1312 1693 1672 1738 contraxerat.
1697 1688 1957 1752 Verump-

248 1776 447 1830 tamen‚
484 1775 546 1820 ut
581 1770 830 1828 diximus,
867 1769 1047 1834 quoad
1079 1785 1162 1818 res
1194 1769 1411 1819 bellicas
1444 1785 1579 1834 quas
1611 1770 1869 1834 gerebant
1902 1769 1958 1817 in

248 1853 436 1911 Gallia,
482 1853 636 1917 longe
681 1856 811 1901 tunc
855 1851 1082 1900 audacia
1124 1855 1178 1900 et
1221 1850 1425 1901 viribus
1468 1851 1741 1901 inferiores
1784 1855 1954 1909 erant,

248 1950 412 1999 quam
442 1934 627 1999 priscis
657 1933 884 1983 fuissent
915 1932 1263 1997 temporibus
1297 1933 1547 1998 Corrupti
1576 1933 1718 1984 enim
1747 1932 1849 1982 hiis
1878 1932 1956 1981 vi-

247 2017 341 2067 ciis
381 2032 484 2081 que
529 2032 596 2065 ex
627 2015 785 2065 rebus
818 2015 1064 2065 secundis
1096 2015 1376 2080 provenire
1409 2015 1598 2073 solent,
1635 2014 1870 2064 avaricia
1901 2019 1955 2064 et

245 2099 474 2157 luxuria,
515 2098 779 2163 simulque
817 2096 979 2146 variis
1016 2096 1129 2161 jam
1167 2096 1462 2146 Galliarum
1500 2096 1699 2146 deliciis
1738 2095 1953 2154 assueti,

245 2181 393 2230 illam
420 2180 709 2229 barbaram
736 2178 1010 2228 feritatem
1038 2194 1131 2228 seu
1159 2178 1576 2236 animositatem,
1609 2194 1773 2243 quam
1800 2177 1956 2227 initio

246 2263 508 2311 bellorum
545 2261 600 2310 in
641 2260 871 2310 Galliam
909 2260 1243 2318 invexerant,
1285 2259 1513 2308 nimium
1551 2260 1881 2317 remiserant,
1925 2274 1956 2308 a

246 2343 623 2409 voluptatibus
671 2347 891 2407 propter
931 2357 1066 2406 quas
1107 2357 1218 2391 sese
1259 2341 1470 2406 ignavie
1512 2347 1676 2406 atque
1718 2340 1955 2390 socordie

248 2426 508 2475 dederant
532 2424 718 2489 procul
741 2423 906 2473 dubio
930 2423 1063 2473 victi
1086 2428 1140 2472 et
1165 2423 1418 2488 superati.

316 2507 451 2556 Cum
481 2506 645 2571 igitur
676 2521 898 2555 uxorem
930 2505 1039 2570 regi
1071 2521 1167 2554 suo
1199 2505 1253 2552 in
1286 2505 1512 2553 Francia
1543 2504 1834 2569 petendam
1866 2504 1954 2552 de-

246 2588 554 2647 crevissent,
588 2587 781 2636 missus
811 2592 892 2636 est
925 2587 994 2635 ob
1028 2602 1147 2635 eam
1171 2602 1282 2634 rem
1305 2586 1514 2650 legatus
1536 2582 1648 2634 dux
1673 2585 1919 2635 Suffolcie
1936 2584 1956 2614 ²

245 2671 301 2718 in
340 2669 586 2727 Galliam,
628 2674 682 2718 et
721 2684 845 2717 cum
883 2684 944 2717 eo
984 2668 1264 2732 episcopus
1304 2667 1730 2725 Cichestrensis3,
1773 2671 1954 2716 custos

246 2751 447 2816 privati
487 2750 643 2815 sigilli
682 2750 818 2814 regis
858 2749 1063 2814 Anglie,
1108 2765 1230 2798 cum
1272 2748 1420 2798 aliis‘ll
1458 2749 1644 2798 multis
1683 2748 1953 2797 nobilibus

245 2833 374 2882 viris
399 2832 603 2898 Anglie.
633 2831 737 2896 Qui
761 2847 884 2881 cum
909 2831 963 2879 in
989 2830 1254 2880 comitatu
1278 2830 1445 2879 nobili
1469 2836 1523 2879 et
1548 2829 1835 2895 magnifico
1861 2845 1954 2894 ap-

308 3005 347 3031 a.
369 3003 563 3042 regnum
584 2992 637 3030 P.
658 3013 717 3019 —
744 2991 780 3030 b.
803 2992 1059 3031 contritum
1084 2992 1138 3031 P.
1159 3014 1218 3018 —
1241 3003 1274 3030 c.
1300 2994 1346 3030 et
1371 2991 1425 3029 P.
1444 3012 1504 3018 -
1529 2990 1570 3029 d.
1599 2989 1798 3041 Manque
1823 3001 1876 3028 en
1895 2989 1950 3029 P.
