2071 3302
212 206 274 259 98
492 215 565 247 DE
601 215 882 247 SCOTORUM
916 214 1263 246 ARROGANTIA
1297 215 1364 246 ET
1397 215 1638 247 AUDACIA

284 329 625 380 Horrendum
660 328 817 378 valde
854 332 1075 393 aspectu
1111 332 1226 378 erat
1261 327 1366 378 illic
1403 343 1643 378 cesorum
1684 329 1914 379 intueri1

217 427 434 461 acervos
471 414 693 476 magnos
730 415 784 459 et
824 410 1124 475 dempsosa,
1165 409 1413 475 precipue
1451 409 1544 459 ubi
1581 426 1703 460 cum
1741 411 1912 462 Scotis

216 509 397 559 pugna
433 494 624 552 fuerat,
665 507 693 541 e
730 491 925 557 quibus
962 491 1138 541 nullus
1175 496 1237 540 ut
1275 491 1522 557 captivus
1559 493 1912 543 abduceretur

217 579 462 625 servatus
508 578 620 633 est;
669 589 804 639 quos
850 573 1019 622 eciam
1066 588 1282 622 acervos
1328 573 1562 638 plurium
1607 573 1917 638 permixtim

219 673 459 706 cesorum
481 671 547 705 ex
568 654 802 721 Anglicis
825 670 1047 720 corpora
1069 655 1410 720 adaugebant
1427 654 1462 705 2.

288 737 428 787 Huic
460 741 643 786 autem
673 752 850 802 pugne
882 735 1164 786 acerbitati
1194 736 1604 802 crudelitatique
1635 737 1917 787 Scotorum

218 818 466 885 superbia
505 823 668 883 atque
707 817 1042 883 presumpcio
1081 833 1298 867 causam
1337 817 1538 868 attulit.
1581 818 1715 868 Cum
1753 818 1911 878 enim,

219 906 344 951 ante
370 900 496 950 belli
522 899 817 959 exordium,
848 900 959 949 dux
982 899 1294 949 Bethfordie
1319 915 1413 965 per
1437 900 1717 950 heraldum
1743 900 1914 950 scisci-

218 988 398 1032 tatum
422 982 651 1032 misisset
677 982 960 1032 Scotorum
984 982 1144 1031 duces
1167 982 1381 1047 qualem
1403 982 1528 1031 belli
1551 981 1918 1032 condicionem

217 1065 308 1114 isso
333 1064 417 1114 die
443 1065 723 1114 observare
747 1068 1120 1128 proponerent,
1147 1063 1223 1112 issi
1247 1064 1312 1113 de
1337 1063 1444 1113 suis
1467 1063 1670 1114 viribus
1695 1080 1757 1112 ac
1781 1063 1915 1113 mul-

219 1146 451 1196 titudine
483 1150 792 1211 arroganter
821 1145 979 1194 nimis
1009 1160 1070 1194 ac
1100 1150 1298 1193 temere
1328 1149 1707 1210 presumentes,
1741 1145 1916 1194 ferun-

219 1233 309 1278 tur
345 1227 676 1293 respondisse
719 1242 774 1276 se
815 1226 905 1275 illo
937 1226 1021 1276 die
1059 1242 1157 1276 nec
1187 1226 1470 1292 Anglicum
1501 1226 1780 1292 captivum
1812 1242 1916 1276 ser-

218 1325 346 1359 vare
368 1325 464 1359 nec
487 1325 542 1359 se
564 1309 718 1358 vivos
741 1309 1036 1374 Anglorum
1058 1308 1301 1374 captivos
1324 1308 1519 1358 abduci
1540 1309 1690 1359 velle.

289 1391 446 1457 Quod
484 1407 796 1456 responsum
836 1390 1129 1455 Anglorum
1170 1390 1375 1440 animos
1415 1390 1469 1438 in
1509 1406 1692 1439 eorum
1732 1390 1918 1439 odium

221 1478 385 1539 atque
429 1489 613 1523 necem
647 1473 991 1522 vehementer
1025 1472 1267 1521 accendit
1301 1471 1356 1520 in
1390 1487 1599 1537 eosque,
1637 1487 1802 1537 quam
1843 1471 1916 1521 eis

220 1555 411 1605 inferre
435 1559 838 1620 proposuerant,
866 1553 1039 1603 vicem
1061 1553 1259 1603 refudit
1275 1553 1311 1604 3.

804 1763 1219 1813 CAPITULUM
1259 1762 1335 1811 IV

223 1892 389 1957 QUOD
408 1902 755 1941 INFELICITAS
774 1902 1102 1951 HUJUsMom
1120 1902 1306 1938 PRELII
1323 1901 1639 1938 NONNICHIL
1654 1901 1915 1938 COMMom

642 1985 878 2021 ATTULIT
916 1984 1104 2021 REGNo
1143 1971 1500 2021 FRANCORUM

293 2107 615 2172 Quanquam
661 2110 843 2155 autem
888 2104 1260 2170 hujuscemodi
1305 2094 1531 2169 prelium
1574 2120 1683 2153 non
1729 2119 1920 2168 parum

223 2189 580 2253 dampnosum
605 2186 928 2251 exicialeque
955 2186 1114 2236 fuerit
1141 2186 1373 2244 FranciS,
1403 2190 1601 2244 tamen,
1630 2190 1791 2251 prout
1817 2185 1919 2250 ipsi

224 2286 346 2336 sepe
388 2286 420 2319 a
460 2268 886 2335 prudentissimis
928 2269 1254 2317 Francorum
1297 2267 1520 2317 ducibus
1562 2266 1865 2317 audivimus
1879 2267 1915 2325 4,

225 2353 506 2402 Scotorum
543 2366 670 2400 nece
722 2366 784 2400 ac
823 2350 1123 2415 perdicione
1164 2350 1460 2414 dampnum
1499 2349 1645 2413 quod
1692 2348 1919 2398 incurre-

223 2439 346 2482 rant
373 2433 502 2483 satis
528 2437 871 2498 repensatum
897 2432 1028 2481 esth.
1059 2432 1235 2481 Tanta
1261 2431 1402 2480 enim
1428 2431 1831 2495 presumpcione
1859 2447 1921 2480 ac

225 2515 450 2564 audacia
478 2515 786 2564 ferebantur
815 2514 974 2572 Scoti‚
1008 2514 1145 2563 vires
1175 2518 1227 2562 et
1258 2513 1563 2578 potenciam
1591 2513 1920 2577 Francorum

285 2679 325 2705 α.
355 2665 592 2717 dempssos
622 2664 790 2717 corrige'
814 2666 926 2704 dans
960 2665 1003 2704 la
1029 2677 1177 2716 marga
1202 2669 1286 2716 par
1312 2663 1502 2702 l'autem‘
1525 2676 1577 2702 en
1608 2664 1822 2714 dempsos
1853 2663 1921 2706 G,-

226 2725 390 2765 densos
410 2726 463 2765 P.
482 2747 541 2752 —
562 2725 599 2765 b.
620 2725 676 2764 Ce
695 2727 781 2764 mot
797 2725 910 2764 dans
928 2724 1212 2776 l’interlz'gne,
1231 2725 1280 2763 de
1298 2724 1341 2762 la
1357 2723 1481 2762 main
1499 2723 1549 2763 de
1566 2722 1770 2767 Ζάαίεαν,
1789 2734 1841 2761 en
1867 2721 1916 2760 G.

290 2870 325 2897 1.
351 2859 522 2910 Simple
546 2858 690 2910 figure
711 2859 767 2898 de
789 2859 1067 2910 rhetorique.
1094 2858 1132 2896 Il
1157 2858 1235 2908 n'y
1258 2869 1285 2896 a
1306 2867 1485 2896 aucune
1506 2855 1659 2896 raison
1680 2855 1737 2896 de
1758 2867 1922 2908 penser

224 2929 314 2970 que
330 2918 471 2958 Basin
489 2917 557 2958 ait
574 2917 736 2958 assiste
754 2916 781 2957 a
797 2918 843 2958 la
859 2918 1048 2957 bataille
1066 2918 1122 2957 de
1140 2916 1370 2956 Verneuil.
