2071 3302
218 196 308 239 144
563 194 807 226 KAROLUS
844 194 953 225 REX
988 194 1150 225 REMIS
1185 194 1569 226 CONSECRATUR

217 308 363 372 quod
389 298 679 357 Remorum
704 307 911 366 civitaS‚
938 306 992 356 in
1017 315 1160 372 quaa
1187 322 1333 372 reges
1358 306 1666 366 consecrari,
1691 312 1745 357 et
1769 308 1914 358 Pari-

217 389 414 438 siorum
445 390 571 439 urbs
601 394 654 438 et
681 389 813 438 villa
843 405 936 438 seu
965 388 1187 453 opidum
1217 388 1401 438 Sancti
1430 388 1690 454 Dyonisii,
1722 389 1777 438 in
1807 406 1914 455 quo

217 471 457 520 coronari
487 487 576 521 eos
608 475 883 520 assuetum
914 474 1045 528 erat,
1079 470 1178 519 sub
1209 470 1503 535 Anglorum
1534 471 1708 520 adhuc
1738 474 1913 536 potes-

216 557 331 602 tate
343 554 362 582 “
401 556 724 610 tenerentur,
764 551 1054 601 contractis
1090 552 1326 616 undique
1363 551 1534 601 tocius
1569 552 1715 617 regni
1750 552 1915 618 copiis

216 634 455 698 parcium
489 649 592 698 que
626 648 717 682 sue
751 633 1006 681 suberant
1041 631 1236 681 dicioni
1281 637 1334 681 et
1379 633 1616 682 exercitu
1647 632 1914 682 maximo⁰

216 719 551 780 congregat0‚
585 713 820 764 decrevit
849 718 1029 779 petere
1062 714 1258 763 Remos
1288 719 1343 763 et
1373 714 1478 763 illic
1508 730 1562 764 se
1591 715 1762 764 facere
1793 730 1914 764 con-

216 797 407 846 secrari
438 801 492 846 et
530 796 722 846 exinde
761 795 1111 846 Parisiensem
1150 795 1350 860 regiam
1391 797 1708 860 [civitatem]
1751 800 1915 861 atque

216 878 436 944 opidum
464 878 735 944 prefatum
762 877 946 928 Sancti
971 877 1234 942 Dyonisii,
1264 877 1318 926 in
1345 893 1452 943 quo
1478 894 1622 927 more
1649 878 1914 942 majorum

215 965 269 1010 et
295 960 695 1026 progenitorum
715 975 934 1009 suorum
954 959 1231 1009 celebriter
1250 975 1304 1009 se
1325 960 1523 1009 faceret
1545 959 1800 1009 coronari.

283 1047 572 1111 Aggressus
610 1045 792 1110 itaque
830 1045 1100 1110 primumd
1136 1045 1343 1104 Trecas,
1385 1046 1672 1110 Campanie
1709 1046 1912 1104 urbem,

216 1128 432 1178 consilio
478 1132 641 1192 atque
686 1143 848 1192 opera
890 1126 1253 1192 probatissimi
1297 1131 1350 1176 et
1395 1126 1772 1192 sapientissimi
1815 1125 1916 1175 viri

215 1209 456 1275 magistri
498 1208 761 1274 Johannis
802 1208 1013 1268 Acuti1,
1060 1209 1152 1274 qui
1194 1208 1333 1258 illius
1375 1208 1521 1259 urbis
1562 1208 1915 1274 episcopalem

216 1293 527 1341 cathedram
560 1291 780 1340 tenebat
814 1295 867 1340 et
901 1290 1258 1340 ecclesiastica
1290 1296 1541 1341 strennue
1574 1307 1636 1340 ac
1666 1290 1916 1340 nobiJiter

216 1374 645 1431 administrabat,
683 1373 738 1421 in
764 1381 855 1422 eae
882 1373 1012 1423 urbe
1039 1389 1162 1422 cum
1191 1388 1321 1438 pace
1347 1377 1401 1422 et
1429 1372 1606 1422 leticia
1637 1377 1881 1437 receptus
1897 1371 1916 1401 ²

215 1460 311 1505 est.
343 1455 553 1505 Exinde
580 1471 707 1504 vero
737 1455 1133 1505 Cathalaunum
1160 1459 1214 1504 et
1244 1455 1441 1504 Remos
1468 1459 1670 1520 petens,
1702 1454 1915 1504 easdem

215 1537 372 1586 urbes
402 1541 456 1585 et
487 1541 663 1585 totam
693 1552 827 1600 pene
859 1535 1224 1600 Campaniam,
1259 1536 1405 1584 facta
1434 1535 1740 1585 voluntaria
1770 1536 1913 1585 dedi-

216 1618 379 1677 cione,
407 1618 605 1683 recepit
620 1619 640 1648 ³
664 1617 874 1682 fuitque
899 1618 1082 1667 Remis
1106 1634 1228 1667 cum
1250 1633 1444 1682 magno
1468 1617 1741 1682 triumpho
1763 1622 1818 1667 et
1837 1618 1913 1667 in-

213 1700 361 1766 genti
390 1701 717 1750 Francorum
746 1699 1040 1758 alacritate,
1067 1700 1182 1748 oleo
1211 1715 1359 1749 sacro
1387 1699 1639 1749 inunctus
1667 1704 1720 1748 et
1742 1716 1913 1749 sacra-

215 1787 304 1832 tus
317 1782 353 1841 4,
385 1782 677 1832 comitante
703 1797 910 1846 semper
935 1782 1188 1846 Johanna
1214 1782 1411 1840 Puella,
1440 1781 1495 1830 in
1520 1781 1660 1831 virili
1684 1786 1834 1831 veste
1859 1787 1913 1831 et

216 1864 391 1923 armis,
420 1863 622 1929 regium
652 1863 945 1912 exercitum
970 1879 1092 1912 cum
1120 1862 1227 1913 suis
1255 1867 1380 1912 ante
1409 1862 1566 1912 dictis
1593 1863 1914 1913 militaribus

214 1945 390 2012 signis.

282 2028 477 2078 Volens
500 2032 682 2077 autem
703 2043 796 2076 rex
819 2032 872 2076 et
896 2027 1026 2076 alias
1047 2027 1194 2091 regni
1216 2027 1373 2076 urbes
1397 2031 1559 2092 atque
1581 2027 1697 2076 loca
1719 2031 1772 2076 et
1794 2043 1912 2092 pro-

214 2110 417 2159 vincias
451 2125 553 2174 que
588 2110 763 2159 adhuc
797 2110 898 2159 sub
931 2108 1169 2158 hostium
1203 2114 1355 2158 erant
1403 2113 1672 2173 potestate
1714 2109 1912 2174 perlus-

216 2198 372 2251 trare,
397 2196 450 2240 et
473 2190 752 2257 presertim
773 2190 972 2256 regiam
994 2191 1140 2239 issam
1162 2206 1315 2240 suam
1337 2190 1746 2255 insignissimam
1769 2191 1911 2240 Pari—

215 2275 413 2324 siorum
453 2273 731 2322 civitatem
773 2277 936 2338 atque
977 2273 1234 2323 Sanctum
1274 2272 1608 2337 Dyonisium,
1651 2272 1744 2322 ubi
1784 2273 1911 2338 dya-

216 2357 372 2406 dema
416 2360 791 2420 sceptrumque
835 2355 1007 2420 regale
1051 2358 1392 2419 suscepturus
1439 2356 1616 2403 essetf
1661 2354 1911 2419 regnique

216 2438 406 2487 solium
425 2453 829 2495 -conscensurus‚
862 2436 1119 2486 Sanctum
1147 2436 1465 2501 Dyonisium
1495 2452 1616 2485 cum
1644 2452 1739 2486 suo
1767 2451 1910 2485 exer-

216 2519 327 2569 citu
347 2519 523 2584 peciit.
550 2519 666 2583 Quo
692 2519 823 2576 lOCO,
851 2534 973 2567 cum
999 2523 1150 2567 tante
1171 2517 1361 2567 milicie
1386 2522 1547 2582 atque
1570 2518 1813 2582 potencie
1843 2518 1911 2566 ad

216 2601 568 2650 resistendum
604 2600 847 2649 inefficax
879 2604 1031 2657 esset,
1059 2599 1226 2648 eciam
1258 2599 1312 2648 in
1342 2615 1471 2664 pace
1504 2586 1781 2664 susceptus
1812 2603 1908 2657 est,

217 2688 379 2748 atque
402 2682 547 2740 inibi,
577 2686 637 2731 ut
667 2682 877 2746 regibus
899 2681 1052 2731 novis
1084 2681 1233 2730 fierjg
1255 2697 1370 2730 mos
1402 2686 1481 2730 est
1496 2681 1538 2739 s‘,
1574 2685 1858 2730 coronatus
1873 2680 1907 2729 ⁵.

276 2856 316 2882 α.
339 2855 432 2895 quo
452 2843 506 2882 P.
526 2866 586 2871 ——
609 2843 646 2882 b.
669 2844 904 2894 potestate
924 2843 1077 2881 adhuc
1096 2841 1150 2880 P.
1171 2864 1230 2869 -—-
1249 2854 1282 2880 c.
1307 2853 1474 2892 magno
1493 2841 1548 2880 P.
1568 2863 1628 2869 —
1646 2841 1687 2880 d.
1710 2841 1910 2892 Manque

217 2915 269 2941 en
288 2902 341 2942 P.
362 2926 420 2931 -—
438 2915 472 2942 ε.
494 2915 587 2954 qua
606 2902 658 2941 P.
680 2924 738 2929 ——
754 2903 786 2951 f.
808 2903 908 2940 erat
927 2901 979 2940 P.
995 2924 1054 2928 —
1069 2912 1107 2952 g.
1125 2901 1325 2953 Manque
1345 2912 1397 2940 en
1417 2900 1470 2939 P.
1486 2923 1544 2928 —-
1559 2900 1599 2939 h.
1617 2899 1755 2940 moris
1769 2902 1839 2939 est
1852 2899 1907 2938 P.
