2071 3302
214 234 234 263 Ι
247 233 302 264 12
341 233 603 275 QUOMODO
620 233 900 264 ADVERSUS
920 237 938 261 ((
955 232 1262 264 BRIGANDOS
1281 237 1299 261 ))
1317 232 1601 265 CERTATUM
1620 234 1816 266 FUERIT

280 345 551 411 Quamdiu
583 361 710 415 vero
743 345 951 411 Anglici
984 349 1182 395 terram
1217 350 1528 405 tenuerunt,
1565 351 1627 396 ut
1662 346 1912 408 diximuS,

212 427 466 477 continuo
510 428 743 493 patriam
788 443 922 492 pene
964 426 1163 492 ubique
1206 427 1522 477 infestantes
1564 433 1617 477 et
1665 428 1913 494 luporum

211 518 392 559 morea
420 525 485 558 ex
509 508 748 559 latibulis
774 513 937 573 atque
964 508 1132 558 antris
1157 508 1411 558 silvarum
1439 509 1756 569 exsilientes,
1779 527 1914 576 quos

211 595 462 655 poterant
487 590 706 649 vicinOS,
734 590 968 639 maxime
995 606 1056 639 ac
1082 589 1182 640 sibi
1207 590 1520 641 familiarius
1543 595 1717 651 notOS,
1745 592 1913 658 capti-

210 673 433 732 vabant,
483 672 806 737 spoliabant,
855 671 1125 721 interdum
1171 672 1339 721 eciam
1385 672 1591 738 aliquos
1635 673 1914 738 presertim

210 754 459 819 Anglicos
501 753 815 803 enecabant.
863 753 1068 818 Quibus
1109 753 1278 802 eciam
1319 758 1434 802 tam
1475 755 1697 804 efferata
1740 754 1915 808 rabies

210 836 514 894 incesserat,
547 840 609 885 ut
639 851 736 884 nec
765 835 1131 884 sacerdotibus
1161 835 1261 884 Dei
1290 851 1386 900 pro
1415 836 1717 885 reverencia
1745 836 1911 901 digni-

211 917 341 967 tatis
380 917 686 982 ordinisque
726 917 1069 967 sacerdotalis
1109 918 1178 967 ab
1216 917 1290 966 eis
1329 922 1649 982 parceretur,
1689 933 1786 967 nec
1824 933 1916 967 eos

209 999 452 1064 Apolinis
483 999 687 1049 infulab
720 999 914 1048 texerit
930 999 965 1058 1,
1000 998 1287 1064 quominus
1321 999 1364 1048 si
1395 1003 1628 1064 possent,
1659 1004 1721 1049 ut
1753 999 1913 1049 ceteri

210 1081 617 1146 captivarentur
641 1081 727 1130 vel
752 1081 1108 1145 spoliarentur
1133 1081 1201 1129 ab
1226 1081 1369 1145 ipsis,

278 1164 351 1212 Et
389 1163 529 1221 licet,
570 1167 632 1212 ut
669 1163 782 1227 jam
820 1162 1068 1221 diximus,
1107 1162 1331 1227 Anglici,
1372 1178 1601 1227 quorum
1637 1163 1912 1227 potissime

209 1244 320 1294 vite
362 1245 659 1294 tendebant
701 1243 937 1303 insidiaS,
981 1260 1085 1302 eOS,
1129 1259 1252 1293 cum
1293 1244 1610 1309 potuissent,
1654 1243 1764 1294 sine
1805 1244 1914 1294 ulla

208 1326 553 1376 miseracione
621 1326 967 1384 trucidantes,
1036 1325 1462 1390 frequentissime
1529 1326 1910 1392 perquirerent,

209 1409 595 1473 perlustrantes
635 1408 844 1466 silvas⁶,
884 1412 938 1456 et
978 1424 1100 1457 cum
1143 1412 1473 1457 armatorum
1512 1407 1821 1457 cohortibus
1858 1412 1914 1456 et

209 1490 430 1540 canibus
462 1505 552 1540 eas
585 1490 856 1555 cingentes
894 1494 948 1538 et
987 1494 1341 1555 pervagantes
1378 1488 1740 1554 plurimosque
1771 1505 1911 1539 com-

208 1573 495 1637 prehensos
531 1572 619 1621 vel
664 1571 851 1621 statim
899 1571 1256 1636 perimerentd
1292 1571 1379 1620 vel
1414 1571 1569 1621 vivos
1605 1571 1675 1620 ad
1710 1571 1915 1636 judices

207 1654 377 1720 regios
417 1654 676 1719 supplicio
710 1653 1015 1703 afficiendos
1048 1653 1423 1702 contraderent
1463 1653 1595 1718 (erat
1634 1653 1776 1702 enim
1816 1670 1911 1718 pu-

207 1735 346 1786 blico
370 1735 546 1785 edicto
571 1735 939 1785 occidentibus
972 1734 1081 1784 sive
1107 1735 1176 1784 ad
1199 1734 1471 1799 justiciam
1495 1734 1910 1784 deducentibuse

204 1817 501 1883 Brigandos
532 1822 739 1867 certum
771 1816 1023 1868 salarium
1055 1817 1120 1866 de
1155 1817 1283 1866 fisco
1313 1816 1455 1882 regio
1491 1816 1826 1882 propositum
1857 1821 1913 1865 et

208 1899 580 1958 constitutum,
608 1915 716 1965 quo
740 1898 1080 1964 procliviores
1103 1898 1299 1948 milites
1322 1898 1617 1963 Anglorum
1645 1898 1715 1948 ad
1741 1897 1914 1947 extin-

206 1982 477 2047 guendum
515 1981 648 2031 illud
682 1980 994 2046 pestiferum
1029 1981 1300 2049 latronum
1326 1996 1491 2045 genus
1524 1980 1912 2045 redderentur),

207 2068 390 2113 tamen
400 2066 446 2122 f,
473 2079 619 2113 more
647 2063 793 2128 ydre,
822 2063 887 2112 de
914 2078 1021 2127 quo
1048 2066 1205 2127 poete
1228 2062 1377 2111 velut
1406 2067 1648 2127 serpente
1676 2062 1912 2126 quodam

205 2145 372 2195 locuti
399 2150 541 2203 sunt,
572 2161 680 2195 uno
709 2144 911 2194 succiso
939 2143 1130 2209 capite,
1163 2144 1267 2193 tria
1295 2159 1501 2208 semper
1535 2143 1738 2193 renasci
1764 2142 1911 2193 vide-

206 2228 421 2276 bantur.

275 2309 542 2358 Feruntur
572 2308 862 2373 aliquando
901 2308 955 2356 in
986 2323 1126 2356 anno
1155 2323 1263 2356 uno
1304 2307 1358 2356 in
1390 2306 1722 2356 Normannia
1749 2306 1913 2355 variis

207 2391 261 2440 in
278 2391 406 2440 locis
425 2407 485 2439 ac
503 2390 744 2455 judicum
763 2389 1138 2448 tribunalibuS,
1159 2393 1274 2438 tam
1296 2389 1361 2437 de
1379 2388 1506 2454 ipsis
1524 2404 1688 2453 quam
1705 2403 1909 2438 eorum-

207 2473 329 2522 dem
364 2467 806 2537 receptatoribus,
840 2471 1034 2536 quibus
1071 2487 1178 2520 non
1213 2470 1464 2519 dissimile
1498 2469 1757 2534 judicium
1793 2470 1908 2519 red—

207 2555 451 2612 debatur,
492 2554 706 2618 publico
753 2553 952 2618 judicio
989 2553 1075 2602 vel
1121 2552 1296 2617 capite
1342 2551 1484 2616 plexi
1521 2552 1607 2600 vel
1653 2550 1910 2616 patibulis

207 2635 352 2685 affixi
379 2636 522 2685 ultra
549 2636 731 2684 decem
759 2634 942 2684 millia.
973 2634 1102 2684 Sciri
1128 2633 1269 2682 enim
1295 2634 1396 2682 hoc
1423 2632 1575 2682 facile
1603 2637 1814 2697 poterat
1843 2648 1909 2681 ex

206 2717 434 2782 publicis
487 2716 782 2766 raciociniis
796 2716 830 2775 2,
884 2732 1021 2774 cum,
1074 2720 1135 2765 ut
1186 2714 1534 2780 premisimuS,
1588 2730 1684 2779 pro
1733 2713 1910 2779 capite

266 2884 306 2910 a.
329 2871 386 2910 Ce
411 2874 498 2910 mot
519 2870 631 2909 dans
655 2869 940 2922 l’interligne,
960 2869 1009 2908 de
1034 2869 1078 2907 la
1101 2867 1227 2907 main
1248 2868 1298 2907 de
1319 2866 1524 2911 l'auteur,
1545 2879 1599 2905 en
1628 2867 1679 2906 G.
1696 2887 1758 2895 —
1785 2866 1822 2906 b.
1842 2865 1907 2905 in—

206 2931 307 2970 sula
334 2932 386 2970 P.
413 2953 471 2958 ——-
494 2943 528 2969 c.
559 2930 685 2969 silvis
714 2930 767 2969 P.
795 2951 854 2956 —
881 2929 921 2968 d.
951 2928 1238 2980 perimerunt
1262 2928 1315 2966 P.
1339 2949 1398 2954 —
1433 2938 1467 2966 e.
1506 2926 1603 2965 sive
1637 2925 1908 2965 adducenti-

206 2992 292 3030 bus
316 2991 368 3029 P.
396 3013 453 3017 —
471 2991 501 3038 f.
523 2990 723 3042 Manque
741 3002 791 3028 ew
814 2989 865 3027 P.
