2071 3302
217 220 310 251 212
522 217 594 248 DE
630 216 843 248 COMITIS
878 215 1189 247 ARUNDELLI
1225 215 1424 247 MISERO
1460 215 1626 247 EXITU

219 338 342 382 rant
372 337 427 381 et
464 332 576 397 ipse
613 331 727 380 ictu
755 329 1154 379 bombardellea
1185 329 1344 394 juxta
1373 329 1566 394 pedem
1595 330 1925 388 vulneratus,

220 414 470 480 captivus
513 429 636 463 cum
679 405 947 477 aliquibus
989 411 1258 460 nobilibus
1298 411 1592 460 Belvacum
1635 427 1667 460 a
1709 411 1928 461 Francis

221 496 489 546 adductus
519 500 615 544 est.
649 494 757 544 Ubi
787 509 878 558 pre
909 492 1152 551 tristicia,
1185 493 1331 557 quod
1361 509 1392 542 a
1421 497 1537 542 tam
1566 508 1736 557 parva
1763 509 1929 542 manu

221 583 275 628 et
307 583 422 627 tam
454 576 685 641 turpiter
715 575 893 624 victus
925 574 1291 624 succubuisset
1307 574 1342 632 1,
1377 574 1535 624 simul
1566 579 1620 623 et
1653 574 1818 624 animi
1847 574 1930 624 sui

220 660 388 709 nimia
425 662 648 723 agenteb
685 656 951 721 superbia,
992 656 1061 705 ob
1099 671 1263 720 quam
1300 655 1469 704 eciam
1509 656 1665 705 utilia
1700 655 1929 705 medica-

221 746 407 790 menta
428 755 524 789 suo
545 738 755 788 vulneri
775 737 1012 787 curando
1033 752 1141 786 non
1164 737 1374 786 sinebat
1401 737 1676 787 admoveri
1686 748 1723 797 ⁶,
1747 738 1932 802 paucis

222 821 430 872 effluxis
475 821 663 879 diebus
714 824 960 869 mortuus
1005 824 1086 868 est
1135 834 1143 868 :
1191 835 1418 883 magnus
1469 819 1711 884 profecto
1762 819 1933 869 hostis

224 905 552 953 Francorum
580 907 634 952 et
673 901 940 951 libertatis
970 906 1133 966 atque
1169 900 1380 964 justicie
1410 901 1731 966 populorum
1759 901 1933 949 inimi-

223 986 466 1036 cissimus
500 989 554 1033 et
595 982 891 1049 presertim,
923 988 986 1032 ut
1015 982 1264 1041 diximus,
1296 999 1481 1032 eorum
1510 983 1603 1047 qui
1632 983 1934 1032 Caletenses

225 1083 379 1132 agros
402 1067 661 1115 incolunt.
690 1065 793 1115 Sed
818 1064 887 1113 ad
910 1064 1126 1113 eosdem
1148 1064 1349 1129 Anglos
1371 1080 1480 1113 non
1503 1064 1764 1129 imparem
1789 1080 1932 1113 amo-

224 1149 295 1198 ris
318 1152 482 1212 atque
503 1147 612 1196 odii
632 1146 807 1196 vicem
827 1146 970 1195 idem
991 1146 1177 1210 populi
1197 1145 1516 1194 referebant.

294 1229 450 1280 Unde
490 1228 629 1278 totisl
667 1227 743 1277 illi
781 1227 954 1292 patrie
993 1227 1273 1286 Caletensi,
1315 1243 1418 1292 que
1456 1232 1576 1276 tum
1613 1227 1934 1292 populorum

225 1311 534 1376 frequencia
569 1326 631 1359 ac
658 1309 1063 1367 numerositate,
1093 1308 1217 1357 licet
1258 1309 1312 1357 in
1341 1324 1405 1357 ea
1433 1313 1611 1373 preter
1640 1309 1934 1358 Rothoma-

227 1409 354 1458 gum
383 1393 632 1442 civitates
659 1391 802 1441 nulle
842 1390 949 1440 sint
977 1395 1032 1439 et
1061 1390 1222 1455 opida
1249 1390 1519 1440 rarissima
1545 1407 1641 1456 pro
1671 1390 1782 1455 agri
1816 1406 1935 1455 spa-

228 1475 490 1533 ciositate,
531 1479 734 1523 ceteras
772 1473 1100 1522 Francorum
1136 1472 1438 1537 provincias
1476 1472 1736 1532 anteibat,
1774 1472 1936 1522 infor-

229 1556 444 1606 tunium
470 1555 769 1604 maximum
795 1560 849 1604 et
877 1554 946 1603 ad
973 1559 1186 1619 tempus
1213 1554 1381 1603 totale
1407 1553 1786 1604 exterminium
1813 1570 1934 1603 con-

232 1638 374 1703 tigit.

302 1719 458 1785 Quod
481 1718 712 1784 qualiter
733 1717 987 1776 evenerit,
1014 1717 1228 1767 silencio
1251 1717 1504 1782 preterire
1529 1733 1638 1766 non
1661 1713 1933 1767 debemusss

833 1940 1250 1990 CAPITULUM
1288 1941 1334 1989 V

741 2074 1035 2138 QUALITER
1072 2074 1433 2124 CALETENSES

557 2169 894 2205 ADVERSUM?
932 2157 1161 2206 ANGLos
1201 2169 1612 2206 REBELLARUNT

454 2253 526 2288 ET
562 2252 636 2287 AB
672 2251 760 2287 Ers
799 2251 1238 2287 MISERABILITER
1275 2251 1537 2287 OPPRESSI
1576 2251 1721 2287 SUNT

304 2382 438 2430 Erat
480 2381 638 2429 tumf
679 2379 818 2428 inter
859 2383 1095 2428 armatos
1131 2379 1473 2437 Francorum,
1510 2379 1574 2428 de
1611 2379 1727 2444 ipsa
1763 2379 1941 2444 patria

239 2461 597 2512 Caletensium
631 2461 834 2510 habens
869 2460 1141 2525 originem,
1170 2460 1391 2525 quidam
1420 2461 1651 2511 Karolus
1686 2461 1750 2510 de
1784 2461 1939 2510 Palu-

239 2544 411 2602 dibus,
447 2542 624 2608 patria
661 2542 844 2607 lingua
870 2542 1186 2591 Dezmarestz
1201 2541 1234 2600 2,
1269 2542 1430 2591 homo
1473 2543 1730 2608 plebeyus
1771 2547 1842 2601 et,
1876 2548 1938 2592 ut

239 2625 473 2683 aiebant,
502 2632 792 2689 aggerum&
820 2627 874 2672 et
905 2623 1167 2673 fossarum
1197 2623 1563 2673 faciendorum
1597 2624 1807 2673 artifex.
1835 2624 1939 2673 Hic

239 2723 362 2757 cum
388 2711 560 2756 certos
588 2709 824 2755 armatos
851 2705 1178 2754 Francorum
1204 2705 1303 2754 sub
1330 2721 1426 2754 suo
1453 2705 1655 2755 ducatu
1681 2710 1735 2755 et
1763 2710 1939 2771 potes-

301 2884 340 2909 a.
364 2868 652 2909 borbardelle
672 2868 725 2906 P.
746 2889 805 2894 —
826 2867 863 2906 b.
887 2867 943 2906 Ce
968 2870 1054 2905 mot
1076 2867 1188 2905 dans
1213 2866 1256 2905 la
1279 2878 1441 2917 marge,
1463 2866 1513 2904 de
1535 2866 1579 2904 la
1603 2866 1728 2905 main
1751 2867 1800 2905 de
1825 2865 1935 2905 l'au-

243 2934 351 2977 taur,
370 2942 423 2968 en
449 2928 498 2967 G.
520 2950 578 2955 ——
599 2940 633 2966 c.
657 2927 895 2966 admoveri
918 2939 1009 2966 non
1033 2926 1216 2965 sinebat
1236 2926 1289 2964 P.
1311 2948 1370 2952 —-
1391 2926 1432 2964 d.
1458 2929 1532 2964 tot
1555 2926 1608 2964 P.
1631 2948 1691 2953 —-
1713 2938 1747 2964 e.
1776 2926 1938 2964 adver-

241 3002 318 3029 sus
338 2990 391 3028 P.
413 3011 472 3016 —
490 2987 521 3036 f.
545 2987 602 3026 Ce
627 2990 714 3025 mot
734 2987 846 3025 dans
868 2985 1152 3036 l'z‘nterligne,
1175 2985 1224 3024 de
1248 2985 1292 3024 la
1315 2984 1441 3024 main
1463 2985 1513 3024 de
1537 2984 1740 3030 l’auteur,
1764 2985 1938 3024 au-des-
