2071 3302
216 260 310 305 274
524 260 596 290 DE
633 260 929 301 PONTISARA
962 261 997 292 A
1032 261 1256 293 FRANCIS
1291 262 1617 295 EXPUGNATA

215 373 376 422 sitate
404 373 535 423 cesis
562 373 835 438 pulsisque
862 374 927 423 de
953 374 1120 424 muris
1143 375 1345 440 Anglis,
1374 392 1469 425 rex
1494 376 1606 441 ipse
1633 382 1688 427 et
1714 378 1797 428 5111
1822 378 1920 427 mi-

213 451 335 501 lites
363 467 457 515 per
484 467 699 500 murum
728 452 1161 511 conscendentes,
1193 453 1415 517 opidum
1443 454 1620 519 ipsum
1647 454 1727 505 ita
1755 472 1920 521 expu-

217 534 444 593 gnatum
467 535 739 594 ceperunt.

283 606 441 671 Quod
465 623 587 656 cum
614 607 834 672 ingressi
856 613 1049 666 essent,
1074 625 1440 675 quoscumque
1457 611 1752 676 Anglorum
1773 612 1920 663 inve-

216 684 328 734 nire
372 685 674 749 potuissent
716 685 919 751 absque
958 685 1332 737 miseracione⁰
1370 689 1653 740 necabant.
1697 691 1921 741 Audivi-

214 778 334 812 mus
366 779 464 812 nos
497 762 674 828 ipsum
710 763 972 813 Karolum
1004 781 1182 829 regem
1214 766 1567 816 referentem1
1599 768 1761 832 quod,
1792 785 1921 819 ‘cum

209 856 411 904 equum
443 841 543 890 sibi
575 857 607 890 a
638 841 762 900 suis,
797 846 956 907 porta
987 843 1134 907 opidi
1164 849 1400 893 reserata
1430 861 1524 894 seu
1554 846 1792 904 effracta,
1827 847 1921 896 ad-

207 918 437 968 ductum
469 920 862 970 conscendisset
895 925 950 970 et
988 921 1043 970 in
1086 921 1268 986 platea
1299 922 1446 987 opidi
1477 939 1616 973 unus
1646 924 1918 989 Anglicus,

208 1012 371 1060 quem
403 997 626 1061 quidam
657 998 722 1047 de
754 998 879 1056 suiS,
913 999 1141 1050 vibratis
1173 1000 1242 1049 ad
1273 1017 1396 1050 eum
1428 1001 1780 1051 occidendum
1810 1003 1920 1068 gla-

211 1074 327 1133 diis,
379 1075 801 1134 insectabantur,
853 1082 1083 1126 mortem
1132 1078 1312 1143 fugere
1371 1079 1603 1143 gestiens
1659 1096 1770 1130 sese
1819 1081 1920 1130 sub

209 1157 397 1202 ventre
434 1153 558 1218 equi
595 1154 859 1204 occuleret
896 1160 951 1204 et
988 1155 1162 1204 vitam
1208 1172 1303 1220 per
1337 1157 1473 1221 regis
1516 1157 1920 1208 miseracionem

208 1229 525 1280 habiturum
548 1232 830 1296 speraretb,
858 1237 1015 1282 tanto
1039 1234 1216 1283 furore
1241 1234 1543 1299 seviciaque
1569 1251 1600 1284 a
1625 1235 1734 1286 suis
1757 1236 1919 1287 fuisse

202 1314 569 1373 prosecutum,
614 1315 676 1360 ut
717 1327 918 1376 equum
958 1311 1136 1376 ipsum
1185 1312 1271 1361 0111
1317 1312 1587 1362 insidebat
1639 1329 1733 1363 rex
1784 1330 1919 1379 pene

204 1387 543 1448 occiderent,
577 1393 631 1439 et
663 1389 788 1438 licet
819 1389 994 1438 vitam
1025 1389 1207 1449 iuiusc,
1241 1391 1588 1441 miseracione
1622 1397 1917 1456 permotus,

210 1467 410 1519 servari
458 1468 716 1517 voluisset
766 1467 981 1532 suisque
1035 1472 1097 1518 ut
1147 1469 1465 1518 desisterent
1518 1486 1641 1519 cum
1689 1470 1919 1520 clamore

208 1546 388 1596 valido
418 1546 722 1612 imperaret,
749 1545 912 1595 nichil
942 1550 1125 1595 tamen
1153 1563 1251 1596 nec
1280 1547 1481 1596 clamor
1509 1564 1606 1597 nec
1634 1548 1919 1613 imperium

209 1625 465 1690 proficere
503 1623 714 1690 potuitd
751 1624 1038 1688 quominus
1075 1641 1199 1674 eum
1235 1625 1536 1690 gladiorum
1574 1626 1713 1675 acies
1757 1626 1918 1676 devo-

209 1708 350 1753 raret
383 1718 392 1753 :
423 1707 581 1753 tanta
607 1702 799 1752 furoris
826 1701 999 1752 rabies
1026 1707 1081 1751 et
1107 1702 1187 1751 ira
1213 1703 1405 1752 animis
1432 1708 1562 1753 tunc
1590 1705 1919 1753 Francorum

207 1782 498 1831 1115οᾱ0131ε
514 1781 549 1831 2.

279 1860 435 1909 Hanc
460 1864 644 1909 autem
668 1863 821 1909 tante
847 1858 1157 1908 acerbitatis
1181 1859 1349 1908 iramf
1373 1859 1496 1908 inde
1522 1859 1739 1909 aiebant
1765 1860 1919 1909 abor·

210 1943 369 1997 131119,
405 1937 551 2003 quod
582 1937 669 1987 1110
701 1937 950 1987 dominus
982 1937 1048 1986 de
1083 1937 1278 1995 Talbot,
1313 1954 1422 1986 una
1464 1954 1531 1986 ex
1562 1938 1770 1988 vicibus
1810 1954 1920 2003 qua

208 2016 406 2067 solacia
447 2015 673 2066 obsessis
714 2015 1037 2080 prestiturus
1076 2015 1202 2065 111110
1243 2016 1583 2074 adventarat,
1628 2016 1919 2081 quemdam

210 2095 531 2160 armigerum
563 2095 908 2152 Francorum,
943 2094 1052 2159 qui,
1087 2110 1115 2143 e
1147 2094 1336 2144 castris
1367 2092 1548 2144 exiens
1579 2111 1702 2143 cum
1733 2095 1919 2143 lancea

210 2174 497 2223 adversum
518 2173 716 2230 hosteS,
742 2177 934 2237 captus
957 2172 1026 2221 ab
1048 2172 1176 2237 ipsis
1199 2172 1391 2230 fuerat,
1418 2173 1716 2222 adductum
1738 2188 1918 2221 coram

210 2268 264 2301 se
299 2253 525 2316 posteall
562 2254 616 2300 et
650 2254 991 2300 exarmatum
1024 2250 1195 2300 securi
1227 2250 1453 2315 ipsemet
1495 2255 1829 2315 percusserat
1863 2255 1918 2299 et

211 2329 519 2378 immaniter
545 2333 709 2393 atque
735 2328 1021 2378 crudeliter
1047 2328 1362 2378 trucidarat.
1391 2330 1463 2378 Et
1491 2328 1560 2378 ob
1586 2344 1705 2377 eam
1730 2328 1918 2377 imma—

214 2407 468 2478 nitateml'
500 2407 555 2456 in
588 2423 711 2456 eum
744 2406 837 2471 qui
868 2406 1062 2457 nobilis
1102 2411 1155 2455 et
1189 2411 1476 2456 strennuus
1515 2406 1665 2456 miles
1713 2406 1917 2455 fuerats

212 2485 286 2534 sic
307 2485 612 2542 admissam,
635 2489 825 2534 contra
843 2484 929 2549 jus
948 2489 1003 2533 et
1023 2484 1120 2542 fas,
1143 2501 1266 2533 cum
1286 2485 1535 2549 captivus
1554 2489 1799 2534 servatus
1819 2484 1919 2533 sub

216 2563 427 2627 fideque
475 2567 720 2627 receptus
769 2562 972 2620 fuisset,
1024 2567 1295 2626 quotquot
1343 2562 1595 2612 seviente·
1627 2562 1804 2627 gladio
1852 2562 1918 2611 de

214 2641 429 2705 Anglisk
456 2639 664 2690 inventi
690 2645 833 2699 sunt,
857 2640 911 2688 in
935 2640 1098 2690 feriis‘
1125 2640 1264 2689 illius
1287 2640 1543 2689 trucidati
1569 2645 1623 2689 et
1649 2639 1919 2689 victimati

215 2719 433 2768 fuerunt
452 2735 621 2783 usque
642 2718 711 2767 ad
736 2731 873 2768 .DCC.
897 2718 984 2768 vel
1009 2726 1232 2768 .DCCC.''¹.
1257 2719 1440 2768 Plures
1462 2723 1644 2767 tamen
1670 2718 1725 2766 in
1748 2717 1918 2767 foveis

214 2802 268 2846 et
296 2797 535 2854 cellariis,
565 2812 668 2861 que
695 2796 750 2845 in
777 2796 938 2861 opido
965 2796 1122 2846 valde
1149 2796 1418 2861 profunda
1443 2801 1497 2844 et
1525 2795 1740 2845 abdita'¹
1772 2799 1915 2854 sunt,

277 2967 317 2993 a.
337 2952 651 2993 misericordia
669 2953 722 2991 P.
740 2973 799 2979 -—
819 2950 855 2989 b.
873 2951 1002 2989 Dans
1029 2950 1073 2988 la
1100 2961 1262 3000 marga,
1283 2949 1332 2987 de
1351 2948 1395 2987 la
1412 2948 1537 2986 main
1556 2948 1606 2987 de
1632 2947 1840 2998 l'auteur,
1857 2960 1914 2988 en

220 3014 271 3053 G.
291 3036 350 3041 -
367 3026 403 3053 c.
423 3013 566 3064 ipsius
586 3013 639 3051 P.
659 3034 718 3039 —
735 3011 776 3049 d.
797 3012 1055 3061 potuerunt
1071 3010 1126 3048 P.
1145 3031 1205 3036 -
1221 3021 1256 3048 e.
1277 3008 1545 3047 insederant
1562 3008 1616 3046 P.
1635 3029 1695 3034 —
1714 3006 1744 3050 f.
1763 3007 1831 3045 La
1851 3005 1915 3056 fin

213 3074 263 3112 de
284 3085 326 3112 ce
347 3076 434 3112 mot
452 3069 641 3123 corrige'e
665 3076 750 3123 ραν
773 3069 977 3114 l'auteur‚
1000 3081 1053 3107 en
1079 3068 1129 3107 G.
1151 3089 1211 3096 —-·
1230 3079 1269 3119 g.
1292 3069 1508 3107 obortam
1527 3068 1580 3106 P.
1600 3089 1660 3094 —
1679 3066 1719 3106 h.
1741 3066 1915 3106 adduc·
