2071 3302
180 193 207 236 8
624 204 697 235 DE
732 204 906 236 REBUS
941 204 976 236 A
1012 204 1224 237 KAROLO
1260 205 1441 237 GESTIS

180 318 348 367 fuerit·
377 316 493 382 ejus
529 317 730 367 animia
768 318 1035 384 aliquibus
1070 319 1228 369 rebus
1264 319 1513 384 preciosis
1546 335 1669 370 cum
1704 320 1884 386 aliqua

182 398 530 464 pecuniarum
562 414 774 449 summa
806 399 1059 465 abreptis,
1098 401 1230 450 fines
1262 401 1409 466 regni
1442 401 1693 451 excedere
1727 407 1781 451 et
1814 402 1884 452 ad

183 481 492 546 Hyspanias
541 481 870 546 proficisci1;
921 482 1022 540 vel,
1067 497 1176 531 una
1222 487 1376 547 parte
1422 483 1602 548 regnib
1654 488 1881 542 retenta,

181 562 343 612 aliam
366 563 612 613 hostibus
638 563 837 622 cedere,
866 579 990 612 cum
1014 568 1144 613 tunc
1169 578 1354 613 eorum
1378 563 1582 614 viribus
1606 569 1661 614 et
1685 564 1884 614 machi-

179 645 447 694 namentis
485 645 740 694 obsistere
778 661 931 710 posse
967 645 1185 694 minime
1223 646 1532 696 confideret.
1574 646 1691 705 Sed,
1731 647 1884 696 mise-

180 732 334 776 rante
365 726 543 791 ipsum
575 727 689 776 Deo
721 742 1050 792 regnumque
1082 726 1214 776 illud
1245 727 1437 786 nobile,
1472 727 1528 776 in
1560 744 1667 794 quo
1699 728 1799 777 Dei
1831 733 1885 777 et

179 808 467 858 christiane
494 808 760 873 religionis
787 809 964 858 cultus
990 808 1308 874 magnificus
1336 825 1543 874 semper
1570 814 1624 859 et
1652 809 1886 859 sincerus

181 890 301 948 fuit,
332 894 491 939 tanta
518 889 633 949 sibi,
665 894 955 955 postquam
982 890 1273 940 innumeris
1300 907 1434 956 pene
1462 891 1673 941 casibus
1700 897 1753 940 et
1782 892 1885 941 for-

182 969 329 1018 tunis
363 968 632 1033 jactatusC
669 969 860 1027 fuerat,
898 968 1076 1034 gracia
1110 969 1306 1018 collata
1340 974 1436 1028 est,
1476 974 1553 1028 ut,
1592 969 1886 1019 conciliatis

182 1051 282 1101 sibi
314 1050 548 1115 primum
579 1050 847 1100 intestinis
879 1050 1121 1109 inimicis,
1157 1051 1374 1100 demum
1405 1051 1574 1100 eciam
1604 1051 1747 1116 ipsos
1779 1052 1885 1100 An-

182 1134 310 1198 glos,
337 1132 589 1197 antiquos
611 1132 758 1197 regni
779 1133 975 1191 hostes,
1000 1148 1109 1181 non
1130 1133 1291 1182 modo
1314 1132 1467 1182 terris
1490 1149 1639 1198 quas,
1664 1134 1750 1182 vel
1772 1149 1884 1192 su0,

182 1214 269 1263 vel
295 1214 464 1279 patris
492 1214 574 1263 sui
601 1220 856 1278 tempore,
886 1214 941 1262 in
968 1229 1129 1279 regno
1157 1219 1569 1279 occupaverant,
1600 1214 1692 1264 sed
1719 1215 1887 1264 eciam

187 1296 528 1361 Acquitania‚
570 1312 734 1361 quam
763 1296 1023 1345 ducentos
1050 1296 1257 1345 circiter
1293 1301 1346 1345 et
1384 1307 1481 1345 XLa
1509 1312 1676 1347 annos
1704 1301 1886 1346 tenue-

182 1382 306 1427 rant
322 1376 356 1436 2,
398 1393 613 1442 prorsus
652 1378 914 1442 expulerit
955 1383 1118 1443 atque
1157 1378 1402 1443 ejecerit;
1443 1394 1771 1444 regnumque
1809 1379 1886 1444 ip-

182 1476 316 1518 sum,
348 1460 495 1525 quod
523 1460 790 1510 diuturnis
818 1460 1165 1510 causantibus
1192 1460 1407 1525 guerris,
1439 1465 1558 1509 tum
1584 1460 1885 1519 hostilibus,

184 1546 304 1591 tum
330 1541 499 1591 eciam
526 1558 592 1591 ex
618 1542 863 1592 civilibus
889 1542 1036 1606 regni
1062 1558 1341 1607 procerum
1369 1558 1429 1591 ac
1456 1542 1758 1607 principum
1785 1542 1887 1592 dis-

183 1623 558 1673 sentionibusd
581 1629 634 1673 et
660 1624 984 1674 factionibus
1010 1624 1227 1682 obortis,
1254 1640 1451 1689 magna
1475 1640 1541 1673 ex
1557 1629 1710 1689 parte
1735 1624 1887 1674 attri-

183 1711 317 1763 tum,
346 1706 610 1770 squalens,
637 1706 902 1755 incultum
926 1712 980 1755 et
1006 1706 1196 1756 accolis
1219 1706 1488 1755 nudatum
1512 1706 1703 1764 fuerat,
1731 1722 1887 1771 paca-

184 1794 304 1838 tum
337 1793 390 1837 et
423 1788 683 1852 quietum,
718 1788 830 1852 jam
863 1788 1080 1852 pulchre
1114 1788 1183 1837 ad
1215 1788 1445 1853 priorem
1477 1788 1748 1838 felicitatis
1781 1793 1887 1838 sta-

184 1875 305 1920 tum
333 1875 386 1919 et
416 1871 683 1919 culturam
713 1886 990 1935 assurgens
1019 1875 1073 1919 et
1103 1870 1304 1935 optime
1333 1871 1722 1929 convalescens,
1757 1870 1887 1919 filio-

187 1968 283 2002 suo
307 1952 662 2017 dereliquerit.

254 2035 330 2084 Ut
360 2039 543 2083 autem
572 2034 946 2083 calamitatum
974 2039 1028 2083 et
1057 2050 1381 2099 guerrarum,
1414 2050 1517 2099 que
1546 2033 1653 2083 suis
1682 2039 1887 2098 tempo-

184 2116 330 2166 ribus
354 2131 577 2181 regnum
600 2116 791 2180 ipsum,
819 2131 981 2180 supra
1004 2132 1168 2180 quam
1193 2115 1297 2165 dici
1320 2115 1406 2164 vel
1429 2115 1666 2165 estimari
1689 2121 1886 2180 potest,

185 2198 320 2247 miro
346 2197 507 2247 modo
534 2197 873 2256 attriverant,
903 2202 957 2246 et
984 2214 1016 2246 a
1041 2197 1236 2262 quibus
1262 2197 1464 2261 majore
1491 2212 1557 2245 ex
1582 2203 1735 2262 parte
1761 2197 1887 2247 libe-

185 2285 367 2330 ratum
395 2279 572 2345 ipsum
601 2280 708 2329 suis
737 2279 928 2344 vigiliis
959 2296 1019 2329 ac
1048 2279 1320 2329 laboribus
1348 2279 1578 2343 reliquit,
1611 2278 1888 2329 fomitem6

187 2368 351 2427 atque
385 2362 619 2411 radicem
654 2361 1016 2420 ostendamuS,
1054 2361 1119 2410 de
1153 2361 1253 2410 hoc
1287 2360 1441 2410 nobis
1476 2376 1640 2425 quam
1674 2361 1888 2411 brevius

187 2443 481 2509 poterimus
502 2443 742 2493 narracio
764 2443 1127 2508 premittenda
1148 2448 1245 2493 est.

248 2600 287 2626 α.
315 2587 395 2627 Ces
417 2588 532 2627 deux
553 2591 674 2633 mols,
697 2587 772 2640 qui
802 2592 1041 2641 manquent
1068 2601 1120 2628 en
1157 2589 1206 2634 G,
1237 2591 1334 2627 sont
1354 2585 1519 2627 domze's
1548 2582 1631 2639 Par
1660 2587 1701 2625 P
1731 2599 1783 2626 en
1813 2586 1888 2624 ad-

190 2646 333 2686 dition
362 2647 624 2700 marginale.
654 2670 713 2675 —
745 2647 782 2686 b.
818 2648 1019 2702 Ilffanque
1052 2661 1106 2688 en
1141 2649 1192 2687 P.
1222 2671 1282 2675 —
1315 2660 1349 2686 c.
1383 2647 1536 2698 jactus
1574 2647 1625 2686 P.
1656 2668 1714 2674 --
1744 2645 1784 2684 d..
1815 2645 1889 2684 En

190 2719 353 2759 marge‚
378 2708 428 2747 de
450 2708 493 2747 la
516 2708 639 2747 main
662 2708 711 2746 de
733 2707 936 2754 l'auteur‚
958 2709 1070 2747 dans
1100 2709 1150 2748 G.
1173 2731 1231 2735 —
1251 2720 1285 2747 e.
1310 2707 1489 2746 fontem
1509 2707 1560 2745 P.
