2071 3302
765 403 1181 453 CAPITULUM
1221 403 1332 452 XII

202 539 584 588 INSURREccm
612 539 911 595 LUDOV1C1‚
939 537 1183 586 DELFINI
1209 537 1581 595 VIENNENSIS,
1609 551 1902 588 ADVERSUS

534 632 726 669 REGEM
767 619 1070 676 KAROLUM‚
1110 632 1336 668 PATREM
1373 619 1564 668 sUUM1

266 754 521 803 Habebat
555 752 724 802 filium
755 757 886 801 tunc
916 752 1134 801 unicum
1151 751 1185 811 2,
1219 752 1555 802 Ludovicum
1584 753 1816 812 nomine,
1848 753 1903 802 in

197 851 304 900 quo
339 851 458 900 spes
492 839 612 884 tota
646 839 777 884 tunc
809 834 1014 899 generis
1047 834 1381 899 propagandi
1413 834 1666 900 regnique
1700 851 1903 884 succes-

196 916 358 967 sionis
393 917 666 966 manebat.
705 916 818 975 Cui,
858 932 980 966 cum
1017 916 1225 965 circiter
1264 916 1531 965 decimum
1566 921 1781 966 sextum
1816 916 1904 966 vel

197 999 464 1049 decimum
489 999 808 1064 septimum⁰
833 998 995 1047 etatis
1022 1014 1224 1047 annum
1250 1004 1429 1063 ageret
1445 998 1465 1028 3
1490 1003 1544 1047 et
1582 1003 1720 1048 esset
1757 999 1901 1064 inge-

194 1081 284 1130 nio
314 1081 438 1139 acri,
469 1080 727 1145 regnandi
756 1085 919 1144 atque
950 1080 1263 1129 dominandi
1291 1079 1514 1128 nimiam
1541 1096 1726 1145 gerens
1755 1080 1901 1145 cupi-

195 1162 424 1211 ditatem
450 1177 512 1211 ac
536 1162 829 1220 libidinem,
858 1177 890 1210 a
915 1161 1048 1210 duce
1071 1161 1328 1210 Borbonii
1352 1166 1406 1210 et
1432 1161 1757 1226 quibusdam
1781 1178 1901 1227 pra-

194 1244 276 1294 vis
323 1243 631 1293 hominibus
678 1248 989 1309 suggestum
1037 1248 1117 1293 est
1166 1248 1228 1292 ut
1276 1243 1424 1308 regni
1471 1244 1900 1294 moderacionem

194 1330 358 1391 atque
409 1325 936 1375 administracionem
985 1325 1181 1379 habere
1231 1325 1417 1390 pocius
1467 1325 1684 1375 deberet
1735 1341 1899 1391 quam

192 1411 347 1470 pater
378 1423 505 1456 suus
538 1412 632 1455 aut
657 1406 901 1455 nonnulli
933 1406 1026 1470 qui
1057 1406 1197 1454 circa
1221 1408 1375 1455 euml>
1400 1411 1569 1464 erant,
1598 1421 1721 1455 cum
1756 1405 1898 1455 idem

191 1493 346 1552 pater
369 1505 512 1547 suus,
540 1488 655 1537 ocio
678 1504 879 1538 vacans
903 1492 957 1537 et
980 1488 1147 1546 luxui,
1174 1504 1397 1553 regnum
1420 1492 1536 1537 tam
1561 1489 1629 1537 ab
1652 1488 1899 1538 hostibus

191 1585 356 1634 quam
384 1586 415 1619 a
442 1570 566 1629 suiS‚
597 1570 752 1635 quasi
778 1570 982 1619 nullam
1010 1570 1074 1619 de
1102 1569 1218 1635 ejus
1245 1571 1417 1620 salute
1445 1576 1499 1620 et
1527 1569 1898 1620 incolumitate

190 1667 284 1702 seu
310 1651 615 1701 defensione
641 1668 825 1701 curam
850 1652 1069 1710 habens,
1099 1651 1272 1716 diripi,
1300 1652 1521 1701 lacerari
1546 1656 1599 1701 et
1626 1651 1899 1702 devastari

189 1733 389 1798 ubique
427 1734 780 1798 permitteret,
820 1733 932 1798 ipse
971 1749 1097 1782 vero
1136 1733 1229 1798 qui
1265 1734 1478 1798 juvenis
1523 1738 1577 1783 et
1625 1733 1896 1784 animosus

189 1815 343 1873 foret,
393 1814 437 1864 si
484 1815 647 1864 semel
691 1814 858 1879 ipsius
904 1814 1052 1880 regni
1097 1815 1459 1880 gubernacula
1506 1820 1892 1881 assequeretur,

189 1896 342 1946 facile
376 1896 576 1946 talibus
608 1896 961 1946 incommodis
995 1896 1239 1946 obviaret
1273 1902 1327 1946 et
1360 1897 1595 1946 remedia
1627 1902 1895 1962 oportuna

190 1979 403 2028 afferret
428 1994 646 2043 remque
679 1978 951 2043 publicam
985 1994 1199 2043 prorsus
1232 1978 1496 2043 dilapsam
1530 1983 1693 2044 atque
1730 1994 1895 2044 prope

188 2060 486 2109 extinctam
525 2076 622 2109 sua
657 2060 942 2125 vigilancia
969 2065 1022 2109 et
1050 2060 1316 2110 industria
1342 2060 1496 2110 brevi
1521 2065 1761 2126 tempore
1789 2061 1894 2110 ins-

187 2147 427 2191 tauraret
454 2146 524 2201 et,
554 2141 720 2207 pulsis
745 2141 1036 2207 ejectisque
1061 2141 1323 2200 hostibus,
1360 2158 1582 2207 regnum
1612 2142 1789 2207 ipsum
1823 2143 1892 2192 ad

185 2223 415 2286 priscam
445 2223 648 2273 decoris
677 2228 730 2272 et
762 2223 1041 2288 dignitatis
1071 2239 1195 2273 suec
1223 2224 1447 2289 gloriam
1473 2229 1637 2289 atque
1673 2225 1891 2290 opulen-

185 2304 324 2354 ciam
347 2310 638 2354 revocaret.

252 2387 472 2458 Talibus
512 2387 871 2436 delinimentis
911 2392 1075 2451 atque
1116 2386 1232 2436 aliis
1270 2387 1641 2451 hujuscemodi
1679 2388 1892 2452 juvenis

184 2468 305 2517 illesl
331 2468 541 2517 animus
565 2468 773 2518 illectus
803 2469 916 2533 (nec
940 2468 1083 2517 enim
1107 2468 1317 2517 difficile
1342 2469 1546 2518 fuerat⁶
1572 2470 1889 2534 persuadere

184 2549 426 2614 volenti),
462 2565 645 2599 eorum
678 2550 876 2599 auxilio
909 2554 962 2599 et
995 2550 1232 2598 faccione
1265 2550 1357 2614 qui
1389 2550 1490 2600 sibi
1532 2551 1664 2600 talia
1701 2551 1889 2601 suade-

183 2635 319 2689 rent,
346 2631 523 2695 plures
547 2647 613 2679 ex
638 2630 863 2680 ducibus
887 2635 1108 2695 paterne
1133 2630 1324 2680 milicie
1348 2631 1716 2696 militibusque
1741 2632 1810 2681 ad
1834 2648 1887 2682 se

184 2712 402 2777 pellexit
416 2712 453 2770 4,
515 2712 623 2777 qui,
685 2728 949 2762 novarum
1006 2728 1182 2761 rerum
1241 2712 1422 2778 cupidi
1479 2713 1887 2778 invidentesque

248 2893 288 2918 α.
312 2879 392 2918 Ces
418 2879 523 2918 trois
551 2883 660 2918 mols
684 2883 923 2931 manquent
947 2892 1000 2918 en
1029 2880 1082 2919 P.
1109 2903 1168 2907 —
1195 2880 1232 2919 b.
1261 2879 1392 2918 illum
1417 2880 1471 2918 P.
1497 2903 1558 2907 —
1581 2893 1615 2919 c.
1644 2880 1885 2932 dignitatis

185 2952 264 2978 sue
291 2950 345 2978 ac
370 2939 545 2978 decoris
572 2939 624 2977 P.
652 2962 710 2967 —
735 2940 775 2977 d.
804 2939 945 2989 Lepon
973 2940 1022 2978 de
1049 2940 1119 2984 P,·
1138 2939 1212 2979 ille
1233 2952 1422 2992 mamque
1443 2952 1496 2979 en
1526 2940 1575 2978 G.
1599 2963 1658 2967 —
1677 2952 1712 2979 e.
1737 2943 1807 2980 est
1828 2941 1881 2979 P.
