2071 3302
202 281 295 325 294
635 280 860 312 UXOREM
899 282 1008 312 REX
1042 281 1280 314 ANGLIAE
1315 283 1478 315 DUCIT

202 394 531 444 Francorum
586 395 786 444 Karolo
838 395 1062 454 habitis,
1118 395 1220 460 ipsi
1270 397 1566 461 Anglorum
1627 398 1791 463 legati
1843 398 1909 447 de

199 475 448 526 ineundis
487 476 686 541 treugis
722 477 822 526 sub
850 493 942 542 spe
981 477 1128 542 pacis
1156 478 1482 527 consiliande
1509 479 1679 528 eciam
1713 495 1909 529 sermo-

200 573 325 606 nem
348 562 689 622 aperuerunt.
714 558 986 607 Videbant
1010 558 1153 607 enim
1175 559 1398 623 Anglici,
1425 565 1486 609 ut
1511 560 1760 619 diximus,
1786 577 1910 610 suas

201 644 382 704 partes
409 640 689 689 debiliores
717 640 962 689 dietenus
992 640 1105 689 fieri
1130 640 1185 689 in
1219 641 1447 690 Francia
1472 657 1770 707 suumquea
1803 641 1908 691 illic

200 720 485 785 imperium
527 737 742 786 vergere
787 722 857 771 ad
899 721 1111 770 ruinam
1155 723 1487 787 totalemque
1532 723 1908 783 defeccionem,

199 802 301 852 nisi
340 803 442 852 sibi
480 803 544 851 de
583 806 730 868 pacis
768 803 855 852 vel
893 807 1076 868 treuge
1115 804 1349 853 remedio
1388 804 1749 869 providerent.
1791 806 1909 855 Hac

201 884 400 949 quippe
445 885 535 934 via
579 885 969 935 estimaverunt
1014 886 1219 935 ruentis
1264 886 1551 936 adversum
1596 903 1650 936 se
1695 887 1911 936 fortune

199 965 446 1031 inpetum
475 966 658 1016 sistere
688 972 742 1016 et
781 967 957 1016 adhuc
986 983 1089 1032 que
1118 967 1173 1016 in
1208 968 1542 1017 Normannia
1569 969 1656 1018 vel
1682 969 1910 1034 Aquita-

199 1047 291 1097 nia
314 1048 663 1112 possidebant
689 1064 900 1098 servare
925 1065 1095 1114 posse.

270 1131 385 1179 Hec
431 1135 615 1179 autem
662 1135 915 1194 apertura
961 1136 1144 1195 treuge
1192 1137 1356 1195 atque
1402 1132 1549 1196 pacis
1595 1133 1764 1181 eciam
1809 1132 1911 1197 ipsi

201 1209 529 1258 Francorum
554 1210 664 1274 regi
689 1210 904 1274 suisque
930 1226 1038 1259 non
1064 1211 1239 1260 invisa
1263 1228 1360 1261 nec
1386 1212 1599 1276 ingrata
1623 1212 1744 1262 fuit.
1773 1212 1911 1277 Que-

200 1291 553 1340 madmodum
589 1291 747 1350 enim,
779 1297 841 1341 ut
878 1292 1112 1356 tragicus
1149 1293 1342 1357 inquit,
1373 1298 1550 1359 pacem
1584 1295 1757 1344 reduci
1790 1295 1911 1344 velle

201 1373 327 1423 victo
358 1389 553 1423 necesse
590 1378 674 1433 est,
709 1374 784 1423 sic
813 1379 866 1422 et
896 1374 1071 1424 victori
1102 1375 1349 1440 expediffi.
1373 1376 1506 1425 Erat
1538 1376 1726 1440 utique
1752 1377 1911 1426 valde

199 1455 486 1519 expediens
516 1460 569 1504 et
599 1455 709 1520 regi
737 1461 791 1505 et
821 1460 940 1505 toto
970 1472 1131 1520 regno
1161 1457 1505 1516 Francorum,
1537 1458 1912 1508 miserabiliter

198 1536 398 1601 ubique
419 1537 660 1586 desolato
680 1542 734 1587 et
755 1537 964 1597 attrito,
986 1543 1048 1587 ut
1069 1538 1296 1603 alicujus
1315 1544 1499 1604 treuge
1516 1540 1603 1589 vel
1621 1540 1768 1605 pacis
1787 1556 1910 1590 con-

201 1618 465 1668 solacione
513 1619 814 1683 respiraret.
865 1620 998 1669 Cum
1046 1620 1244 1684 igitur0
1292 1637 1450 1685 super
1498 1622 1697 1686 treugis
1745 1627 1910 1686 atque

199 1701 518 1765 nupciarum
560 1701 736 1750 federe
777 1701 937 1750 multi
979 1706 1277 1751 conventus
1319 1719 1693 1768 sermonesque
1734 1704 1909 1753 habiti

198 1782 329 1832 satis
363 1783 455 1831 diu
487 1783 729 1841 fuissent,
765 1783 987 1832 tandem
1025 1784 1330 1846 [tractatus]
1367 1785 1432 1833 de
1463 1790 1693 1850 utroque
1726 1786 1909 1835 amba-

198 1880 319 1913 rum
344 1864 586 1929 parcium
612 1881 902 1914 consensu<¹
940 1865 1186 1915 firmatus
1223 1866 1327 1915 fuit
1364 1866 1690 1932 fueruntque
1724 1872 1908 1933 treuge

197 1946 329 1996 inite
356 1952 409 1995 et
435 1946 612 2011 jurate
638 1946 779 1996 inter
804 1963 950 2011 reges
977 1952 1031 1996 et
1063 1964 1240 2012 regna,
1270 1948 1523 1998 federatis
1549 1949 1827 2014 utriusque
1854 1950 1909 1999 in

199 2028 272 2078 eis
297 2028 707 2092 comprehensis,
737 2028 850 2093 Que
876 2029 1094 2093 quidem
1118 2034 1301 2094 treuge
1326 2030 1499 2095 primo
1525 2031 1594 2080 ad
1618 2031 1910 2081 triennium

199 2111 285 2159 vel
316 2110 559 2159 circiter2
590 2110 689 2160 sub
727 2127 818 2175 spe
857 2110 1004 2175 pacis
1042 2111 1258 2160 interim
1300 2113 1582 2162 tractande
1620 2113 1767 2163 facta
1797 2114 1908 2163 fue-

197 2196 340 2250 runt,
375 2192 723 2256 postmodum
752 2209 880 2242 vero
911 2209 1004 2258 per
1034 2193 1211 2242 varias
1241 2193 1384 2243 vices
1414 2199 1713 2259 prorogate,
1746 2199 1808 2243 ut
1839 2195 1910 2244 ad

200 2273 628 2339 quinquennium
681 2290 849 2338 usque
903 2275 989 2324 vel
1041 2275 1202 2339 paulo
1256 2276 1485 2340 amplius
1537 2276 1908 2341 processerint.

200 2353 474 2418 Quantam
507 2359 691 2404 autem
723 2355 1020 2404 utilitatem
1053 2355 1271 2405 Francis
1305 2356 1604 2415 attulerint,
1640 2356 1695 2405 in
1728 2373 1909 2406 conse-

201 2436 506 2500 quentibus,
537 2435 581 2485 si
607 2436 753 2486 Deus
780 2437 1078 2496 donaverit,
1109 2438 1469 2487 ostendemus

269 2517 509 2566 Fuerunt
538 2517 707 2566 eciam
736 2534 859 2567 cum
888 2519 1205 2583 Margareta‚
1240 2519 1350 2568 filia
1378 2519 1574 2584 prefati
1591 2519 1737 2585 ,regis
1766 2519 1910 2569 Ceci-

197 2598 281 2657 lie,
320 2615 413 2664 per
448 2599 666 2648 Henrici
700 2600 836 2664 regis
869 2600 1164 2664 Anglorum
1210 2606 1581 2665 procuratores
1622 2601 1907 2651 sufficienti

201 2680 270 2729 ad
320 2681 422 2729 hoc
472 2685 744 2745 potestate
796 2681 1045 2731 suffultos
1104 2682 1373 2746 sponsalia
1433 2683 1732 2748 nupcieque
1783 2699 1906 2732 con-

199 2766 371 2811 tracte
385 2762 406 2793 3
425 2778 435 2821 ;
461 2768 624 2828 atque
645 2763 774 2828 ipsis
795 2763 919 2812 duci
940 2763 1188 2813 Suffolcie
1209 2768 1262 2813 et
1283 2765 1579 2829 Anglorum
1599 2764 1907 2829 proceribus

200 2843 405 2893 tradita
436 2844 540 2894 fuit
573 2846 690 2910 ipsa
721 2845 899 2910 puella
931 2861 963 2894 a
994 2845 1308 2910 parentibus
1341 2846 1410 2895 ad
1452 2846 1709 2895 maritum
1748 2862 1906 2896 suum

265 3006 306 3033 a.
327 2993 557 3046 simulque
576 2995 631 3034 P.
651 3017 710 3023 -—
733 2995 771 3035 b.
796 2995 956 3048 itaque
979 2997 1033 3037 P.
1057 3020 1118 3026 —
1139 3009 1174 3036 c.
1194 3008 1441 3036 consensus
1464 2996 1519 3035 P.
1543 2995 1604 3034 Le
1625 2998 1713 3034 mot
1733 2997 1906 3034 tracta·

203 3055 293 3098 tus,
320 3052 397 3105 qui
419 3052 571 3105 parait
593 3052 836 3094 ne‘cessaz're
857 3068 917 3095 au
937 3069 1050 3104 sens,
1072 3057 1184 3097 n'est
1203 3055 1253 3096 ‘ni
1274 3056 1387 3095 dans
1414 3055 1464 3102 G,
1487 3054 1537 3095 ni
1557 3055 1670 3095 dans
1689 3055 1732 3094 P
1741 3093 1745 3097 .
