2071 3302
182 206 245 249 40
451 205 553 236 PER
589 205 884 237 PICARDIAM
919 206 1216 238 ANGLORUM
1253 207 1362 238 REX
1396 207 1622 240 TRANSIT

183 318 414 383 majores
451 334 616 383 quam
651 307 896 379 minoreS,
937 320 1113 379 duces,
1153 320 1374 371 comites
1410 321 1652 381 barones,
1691 321 1888 372 milites

184 405 239 449 et
271 399 475 450 nobiles
507 400 711 465 ingenti
742 417 964 451 numero
997 402 1319 467 congregati,
1355 403 1574 452 obviam
1605 419 1661 453 se
1691 404 1888 469 Anglo-

185 498 305 531 rum
329 482 438 547 regi
462 487 516 532 et
541 499 636 533 suo
661 483 919 533 exercitui
943 483 1165 542 obicere,
1191 500 1257 534 ne
1282 484 1425 534 ultra
1448 486 1773 550 procederet,
1801 486 1888 535 de-

183 569 485 615 creverunt.
515 565 672 629 Quod
697 569 750 614 et
776 565 1032 623 fecerunt,
1061 570 1122 614 ut
1149 582 1238 616 eos
1263 566 1333 615 ad
1357 566 1723 616 dimicandum
1748 583 1889 617 com-

185 645 458 710 pellerent.
488 646 561 695 Et
589 647 768 695 ferunt
794 647 1037 696 nonnulli
1068 647 1232 711 (quod
1258 663 1327 696 an
1353 647 1432 697 ita
1458 665 1512 698 se
1537 649 1753 708 habeat,
1782 665 1890 699 non

187 727 319 777 satis
357 732 693 791 compertum
729 728 1008 792 habemus)
1050 744 1227 793 regem
1264 730 1574 793 Anglorum‚
1616 746 1738 780 cum
1775 735 1891 780 tam

185 824 531 858 numerosum
559 814 723 874 atque
751 809 993 858 validum
1020 810 1315 860 exercitum
1342 810 1443 860 sibi
1471 811 1692 861 obvium
1720 828 1891 862 acces-

182 890 312 940 sisse
343 890 677 955 intelligeret,
712 891 938 941 ducibus
969 893 1296 942 Francorum
1327 893 1582 943 obtulisse
1612 893 1892 943 restituere

189 971 413 1037 opidum
440 973 504 1022 de
535 972 714 1037 Caleys
741 978 795 1022 et
829 990 1086 1038 magnum
1120 974 1235 1023 auri
1261 975 1472 1039 pondus
1505 976 1819 1039 persolvere,
1849 975 1893 1026 si

191 1054 353 1105 libere
374 1060 427 1104 et
450 1055 652 1120 absque
671 1056 906 1120 dampno
924 1056 1097 1120 gentis
1114 1072 1206 1105 sue
1225 1056 1294 1105 ad
1310 1072 1533 1121 regnum
1550 1073 1707 1106 suum
1723 1057 1893 1106 redire

188 1137 515 1195 sineretur1;
554 1137 700 1202 quod
735 1153 857 1186 cum
892 1137 1110 1186 minime
1146 1137 1483 1202 reciperetur,
1521 1139 1683 1188 velud
1717 1155 1893 1189 neces-

190 1218 351 1268 sitate
396 1219 747 1283 compulsum,
796 1219 865 1268 ad
909 1219 1274 1268 dimicandum
1318 1224 1372 1268 et
1416 1220 1577 1270 armis
1620 1220 1894 1270 decertan-

190 1301 356 1349 dum⁶⁶
380 1317 434 1350 se
457 1316 687 1365 parasse.

259 1386 393 1435 Cum
417 1386 601 1451 itaque
626 1386 928 1435 immineret
954 1386 1064 1437 dies
1091 1403 1197 1452 quo
1223 1387 1292 1436 ad
1317 1393 1587 1436 certamen
1613 1387 1894 1436 devenien-

191 1468 321 1516 dum
358 1473 489 1526 erat,
531 1468 668 1517 acies
705 1484 771 1516 ex
807 1473 1036 1532 utraque
1073 1473 1226 1532 parte
1263 1468 1523 1517 instructe
1561 1473 1613 1516 et
1652 1468 1895 1517 ordinate

193 1554 335 1608 sunt,
361 1554 414 1598 et
441 1565 535 1598 rex
557 1549 775 1614 quidem
796 1550 1091 1614 Anglorum
1115 1549 1185 1597 ad
1210 1565 1367 1598 suum
1392 1549 1686 1598 exercitum
1711 1549 1896 1613 hujus-

191 1631 399 1680 cemodi
426 1631 602 1680 verbis
631 1631 978 1680 concionatus
1006 1647 1117 1680 esse
1146 1631 1356 1689 dicitur,
1388 1631 1701 1696 priusquam
1728 1635 1897 1680 certa-

189 1729 313 1762 men
343 1713 716 1778 aggrederetur
742 1729 750 1763 :

263 1833 460 1882 «Venit
486 1849 629 1882 nunc
655 1834 787 1881 hora
803 1832 836 1891 2,
858 1849 888 1881 o
907 1832 1295 1882 commilitones
1314 1832 1505 1896 optimi
1531 1837 1695 1897 atque
1722 1831 1898 1882 fortis-

194 1915 328 1973 simi,
362 1931 469 1979 qua
481 1913 500 1942 ‘²
528 1914 698 1972 vobis,
728 1930 836 1963 non
864 1930 960 1978 pro
988 1914 1154 1979 gloria
1181 1914 1268 1963 vel
1294 1914 1642 1979 propaganda
1668 1913 1900 1963 nominis

194 1997 356 2055 fama,
388 1997 481 2046 sed
509 2012 604 2061 pro
633 1996 763 2054 vita,
796 1996 1162 2045 dimicandum
1191 2000 1286 2045 est.
1318 1996 1430 2045 Nos
1459 1984 1691 2060 quidem,
1723 1995 1898 2045 Gallo-

194 2095 314 2128 rum
357 2079 818 2143 presumpcionem
863 2084 1026 2142 atque
1070 2078 1276 2127 animos
1320 2077 1450 2127 satis
1493 2082 1764 2142 spectatos
1806 2078 1898 2126 ha-

195 2161 399 2219 bentes,
437 2166 644 2209 certum
678 2160 938 2209 habemus
974 2160 1119 2224 quod
1153 2160 1196 2209 si
1231 2175 1324 2224 per
1357 2159 1628 2224 ignaviam
1663 2164 1900 2208 Vestram

196 2259 290 2292 seu
319 2247 527 2291 metum
558 2242 626 2291 ab
657 2242 730 2291 eis
762 2241 991 2306 opprimi
1022 2241 1396 2299 sustinueritiS,
1429 2241 1630 2290 nemini
1659 2246 1901 2291 vestrum

200 2325 457 2389 parcituri
487 2330 660 2383 erunt,
694 2325 786 2374 sed
816 2341 1014 2382 omnes,
1052 2324 1222 2372 veluti
1255 2324 1507 2389 plebeyos
1537 2329 1590 2373 et
1621 2323 1897 2381 innobiles,

200 2422 454 2471 pecorum
475 2423 621 2455 more
650 2406 1016 2456 trucidabunt.
1043 2406 1157 2470 Ego
1181 2406 1399 2470 quidem
1422 2410 1475 2455 et
1503 2405 1774 2470 sanguinis
1797 2405 1902 2454 mei

201 2480 466 2552 principes
503 2488 558 2537 id
593 2488 747 2537 nobis
788 2492 1177 2553 proventurum
1210 2487 1429 2536 minime
1463 2487 1829 2545 formidamus,
1870 2503 1902 2536 a

201 2569 397 2634 quibus
414 2586 611 2635 magna
629 2570 743 2619 auri
761 2570 998 2634 pondera
1015 2569 1283 2634 consequi,
1304 2569 1348 2619 si
1364 2585 1460 2619 nos
1474 2569 1764 2627 vincerent,
1786 2585 1900 2634 spe-

200 2654 397 2709 rantes,
432 2666 641 2700 servare
672 2651 825 2715 longe
853 2650 1022 2715 magis
1051 2666 1215 2715 quam
1253 2649 1509 2714 perimere
1543 2650 1724 2698 hostes
1752 2665 1901 2698 cura-

201 2732 356 2781 bunt.
383 2732 486 2781 Sed
508 2732 551 2782 si
573 2737 790 2781 tantum
812 2732 1107 2796 periculum
1128 2732 1356 2796 effugere
1380 2747 1440 2780 ac
1463 2731 1634 2779 vitare
1657 2729 1899 2794 cupietiS,

264 2907 306 2934 α.
329 2896 606 2935 certandum
627 2896 679 2934 P.
701 2917 760 2922 —
783 2895 820 2934 b.
843 2906 932 2946 que
954 2895 1007 2933 P.
