<?xml version="1.0" encoding="UTF-8"?>
<!DOCTYPE html PUBLIC "-//W3C//DTD XHTML 1.0 Transitional//EN"
    "http://www.w3.org/TR/xhtml1/DTD/xhtml1-transitional.dtd">
<html xmlns="http://www.w3.org/1999/xhtml" xml:lang="en" lang="en">
 <head>
  <title>
</title>
<meta http-equiv="Content-Type" content="text/html;charset=utf-8" />
  <meta name='ocr-system' content='tesseract 3.04.00' />
  <meta name='ocr-capabilities' content='ocr_page ocr_carea ocr_par ocr_line ocrx_word'/>
</head>
<body>
  <div class='ocr_page' id='page_1' title='image "./histoiredecharle00basi_0166.png"; bbox 0 0 2071 3302; ppageno 0'>
   <div class='ocr_carea' id='block_1_1' title="bbox 663 413 1304 488">
    <p class='ocr_par' dir='ltr' id='par_1_1' title="bbox 663 413 1304 488">
     <span class='ocr_line' id='line_1_1' title="bbox 663 413 1304 488; baseline -0.005 0"><span class='ocrx_word' id='word_1_1' title='bbox 663 413 666 414; x_wconf 42' lang='lat'><em>⁷</em></span> <span class='ocrx_word' id='word_1_2' title='bbox 746 437 1162 488; x_wconf 82' lang='lat' dir='ltr'>CAPITULUM</span> <span class='ocrx_word' id='word_1_3' title='bbox 1199 437 1304 485; x_wconf 87' lang='lat' dir='ltr'>VII</span> 
     </span>
    </p>
   </div>
   <div class='ocr_carea' id='block_1_2' title="bbox 281 569 1772 702">
    <p class='ocr_par' dir='ltr' id='par_1_2' title="bbox 281 569 1772 702">
     <span class='ocr_line' id='line_1_2' title="bbox 281 569 1772 642; baseline -0.005 -16"><span class='ocrx_word' id='word_1_4' title='bbox 281 578 573 642; x_wconf 75' lang='lat' dir='ltr'>QUALITER</span> <span class='ocrx_word' id='word_1_5' title='bbox 618 585 834 622; x_wconf 78' lang='lat' dir='ltr'>CIVITAS</span> <span class='ocrx_word' id='word_1_6' title='bbox 879 572 1341 620; x_wconf 85' lang='lat' dir='ltr'>AURELIANENSIS</span> <span class='ocrx_word' id='word_1_7' title='bbox 1386 583 1458 619; x_wconf 88' lang='lat' dir='ltr'>AB</span> <span class='ocrx_word' id='word_1_8' title='bbox 1503 569 1772 618; x_wconf 85' lang='lat' dir='ltr'>ANGLICIS</span> 
     </span>
     <span class='ocr_line' id='line_1_3' title="bbox 824 665 1232 702; baseline -0.005 0"><span class='ocrx_word' id='word_1_9' title='bbox 824 666 1064 702; x_wconf 86' lang='lat' dir='ltr'>OBSESSA</span> <span class='ocrx_word' id='word_1_10' title='bbox 1102 665 1232 701; x_wconf 84' lang='lat' dir='ltr'>FUIT</span> 
     </span>
    </p>
   </div>
   <div class='ocr_carea' id='block_1_3' title="bbox 178 784 1890 2811">
    <p class='ocr_par' dir='ltr' id='par_1_3' title="bbox 178 784 1889 2478">
     <span class='ocr_line' id='line_1_4' title="bbox 248 784 1877 858; baseline -0.006 -17"><span class='ocrx_word' id='word_1_11' title='bbox 248 789 609 858; x_wconf 78' lang='lat' dir='ltr'>Quadriennio</span> <span class='ocrx_word' id='word_1_12' title='bbox 632 788 895 853; x_wconf 90' lang='lat' dir='ltr'>siquidem</span> <span class='ocrx_word' id='word_1_13' title='bbox 918 791 1012 836; x_wconf 90' lang='lat' dir='ltr'>aut</span> <span class='ocrx_word' id='word_1_14' title='bbox 1035 785 1173 834; x_wconf 88' lang='lat' dir='ltr'>circa</span> <span class='ocrx_word' id='word_1_15' title='bbox 1194 789 1317 850; x_wconf 81' lang='lat' dir='ltr'>post</span> <span class='ocrx_word' id='word_1_16' title='bbox 1338 784 1563 850; x_wconf 90' lang='lat' dir='ltr'>prelium</span> <span class='ocrx_word' id='word_1_17' title='bbox 1586 784 1730 849; x_wconf 93' lang='lat' dir='ltr'>apud</span> <span class='ocrx_word' id='word_1_18' title='bbox 1751 784 1877 833; x_wconf 90' lang='lat' dir='ltr'>Ver-</span> 
     </span>
     <span class='ocr_line' id='line_1_5' title="bbox 178 866 1876 933; baseline -0.006 -9"><span class='ocrx_word' id='word_1_19' title='bbox 178 875 383 924; x_wconf 90' lang='lat' dir='ltr'>nolium</span> <span class='ocrx_word' id='word_1_20' title='bbox 417 873 653 929; x_wconf 81' lang='lat' dir='ltr'>decurSO,</span> <span class='ocrx_word' id='word_1_21' title='bbox 691 885 813 919; x_wconf 91' lang='lat' dir='ltr'>cum</span> <span class='ocrx_word' id='word_1_22' title='bbox 846 868 1054 933; x_wconf 91' lang='lat' dir='ltr'>Anglici</span> <span class='ocrx_word' id='word_1_23' title='bbox 1087 883 1248 932; x_wconf 82' lang='lat' dir='ltr'>supra</span> <span class='ocrx_word' id='word_1_24' title='bbox 1282 866 1480 931; x_wconf 85' lang='lat' dir='ltr'>Ligeris</span> <span class='ocrx_word' id='word_1_25' title='bbox 1516 867 1714 916; x_wconf 91' lang='lat' dir='ltr'>flumen</span> <span class='ocrx_word' id='word_1_26' title='bbox 1747 882 1876 915; x_wconf 92' lang='lat' dir='ltr'>non-</span> 
     </span>
     <span class='ocr_line' id='line_1_6' title="bbox 180 947 1879 1021; baseline -0.006 -15"><span class='ocrx_word' id='word_1_27' title='bbox 180 957 327 1006; x_wconf 90' lang='lat' dir='ltr'>nulla</span> <span class='ocrx_word' id='word_1_28' title='bbox 352 953 710 1021; x_wconf 82' lang='lat' dir='ltr'>optinuissent</span> <span class='ocrx_word' id='word_1_29' title='bbox 737 951 898 1016; x_wconf 91' lang='lat' dir='ltr'>opida</span> <span class='ocrx_word' id='word_1_30' title='bbox 923 966 1015 1000; x_wconf 91' lang='lat' dir='ltr'>seu</span> <span class='ocrx_word' id='word_1_31' title='bbox 1040 949 1273 1008; x_wconf 91' lang='lat' dir='ltr'>castella,</span> <span class='ocrx_word' id='word_1_32' title='bbox 1301 949 1548 998; x_wconf 85' lang='lat' dir='ltr'>Videlicet</span> <span class='ocrx_word' id='word_1_33' title='bbox 1582 948 1841 1012; x_wconf 69' lang='lat' dir='ltr'>Gergeaua</span> <span class='ocrx_word' id='word_1_34' title='bbox 1859 947 1879 978; x_wconf 79' lang='lat'>1</span> 
     </span>
     <span class='ocr_line' id='line_1_7' title="bbox 183 1029 1878 1103; baseline -0.006 -15"><span class='ocrx_word' id='word_1_35' title='bbox 183 1039 252 1088; x_wconf 89' lang='lat' dir='ltr'>ad</span> <span class='ocrx_word' id='word_1_36' title='bbox 294 1041 526 1103; x_wconf 89' lang='lat' dir='ltr'>quatuor</span> <span class='ocrx_word' id='word_1_37' title='bbox 567 1035 745 1083; x_wconf 92' lang='lat' dir='ltr'>leucas</span> <span class='ocrx_word' id='word_1_38' title='bbox 788 1048 948 1098; x_wconf 93' lang='lat' dir='ltr'>supra</span> <span class='ocrx_word' id='word_1_39' title='bbox 989 1031 1422 1081; x_wconf 90' lang='lat' dir='ltr'>Aurelianensem</span> <span class='ocrx_word' id='word_1_40' title='bbox 1464 1031 1665 1088; x_wconf 91' lang='lat' dir='ltr'>urbem,</span> <span class='ocrx_word' id='word_1_41' title='bbox 1712 1029 1878 1078; x_wconf 91' lang='lat' dir='ltr'>Modi-</span> 
     </span>
     <span class='ocr_line' id='line_1_8' title="bbox 181 1112 1881 1180; baseline -0.006 -11"><span class='ocrx_word' id='word_1_42' title='bbox 181 1119 347 1169; x_wconf 84' lang='lat' dir='ltr'>num2</span> <span class='ocrx_word' id='word_1_43' title='bbox 379 1133 505 1167; x_wconf 89' lang='lat' dir='ltr'>vero</span> <span class='ocrx_word' id='word_1_44' title='bbox 541 1116 610 1165; x_wconf 93' lang='lat' dir='ltr'>ad</span> <span class='ocrx_word' id='word_1_45' title='bbox 643 1119 877 1180; x_wconf 89' lang='lat' dir='ltr'>quatuor</span> <span class='ocrx_word' id='word_1_46' title='bbox 910 1113 1151 1163; x_wconf 86' lang='lat' dir='ltr'>similiter</span> <span class='ocrx_word' id='word_1_47' title='bbox 1184 1117 1237 1161; x_wconf 87' lang='lat' dir='ltr'>et</span> <span class='ocrx_word' id='word_1_48' title='bbox 1272 1112 1538 1177; x_wconf 75' lang='lat' dir='ltr'>Baugensi</span> <span class='ocrx_word' id='word_1_49' title='bbox 1572 1112 1641 1160; x_wconf 90' lang='lat' dir='ltr'>ad</span> <span class='ocrx_word' id='word_1_50' title='bbox 1675 1116 1881 1176; x_wconf 80' lang='lat' dir='ltr'>septem</span> 
     </span>
     <span class='ocr_line' id='line_1_9' title="bbox 182 1193 1880 1260; baseline -0.006 -9"><span class='ocrx_word' id='word_1_51' title='bbox 182 1202 322 1251; x_wconf 82' lang='lat' dir='ltr'>infra</span> <span class='ocrx_word' id='word_1_52' title='bbox 356 1200 558 1249; x_wconf 92' lang='lat' dir='ltr'>dictam</span> <span class='ocrx_word' id='word_1_53' title='bbox 594 1198 796 1255; x_wconf 90' lang='lat' dir='ltr'>urbem,</span> <span class='ocrx_word' id='word_1_54' title='bbox 836 1211 997 1260; x_wconf 89' lang='lat' dir='ltr'>supra</span> <span class='ocrx_word' id='word_1_55' title='bbox 1030 1194 1173 1259; x_wconf 80' lang='lat' dir='ltr'>ripas</span> <span class='ocrx_word' id='word_1_56' title='bbox 1208 1194 1448 1259; x_wconf 86' lang='lat' dir='ltr'>ejusdem</span> <span class='ocrx_word' id='word_1_57' title='bbox 1486 1193 1735 1251; x_wconf 88' lang='lat' dir='ltr'>fluminis,</span> <span class='ocrx_word' id='word_1_58' title='bbox 1775 1198 1880 1241; x_wconf 88' lang='lat' dir='ltr'>sta-</span> 
     </span>
     <span class='ocr_line' id='line_1_10' title="bbox 183 1275 1880 1346; baseline -0.006 -13"><span class='ocrx_word' id='word_1_59' title='bbox 183 1286 403 1333; x_wconf 87' lang='lat' dir='ltr'>tuerunt</span> <span class='ocrx_word' id='word_1_60' title='bbox 436 1281 609 1346; x_wconf 91' lang='lat' dir='ltr'>ipsam</span> <span class='ocrx_word' id='word_1_61' title='bbox 641 1278 1075 1328; x_wconf 86' lang='lat' dir='ltr'>Aurelianensem</span> <span class='ocrx_word' id='word_1_62' title='bbox 1108 1277 1295 1325; x_wconf 93' lang='lat' dir='ltr'>urbem</span> <span class='ocrx_word' id='word_1_63' title='bbox 1328 1275 1556 1341; x_wconf 78' lang='lat' dir='ltr'>aggredi,</span> <span class='ocrx_word' id='word_1_64' title='bbox 1594 1291 1757 1340; x_wconf 91' lang='lat' dir='ltr'>opum</span> <span class='ocrx_word' id='word_1_65' title='bbox 1789 1275 1880 1323; x_wconf 90' lang='lat' dir='ltr'>ha-</span> 
     </span>
     <span class='ocr_line' id='line_1_11' title="bbox 183 1356 1882 1426; baseline -0.006 -11"><span class='ocrx_word' id='word_1_66' title='bbox 183 1363 489 1415; x_wconf 91' lang='lat' dir='ltr'>bundancia</span> <span class='ocrx_word' id='word_1_67' title='bbox 530 1367 583 1411; x_wconf 92' lang='lat' dir='ltr'>et</span> <span class='ocrx_word' id='word_1_68' title='bbox 634 1360 954 1426; x_wconf 93' lang='lat' dir='ltr'>populorum</span> <span class='ocrx_word' id='word_1_69' title='bbox 1008 1363 1132 1408; x_wconf 90' lang='lat' dir='ltr'>ante</span> <span class='ocrx_word' id='word_1_70' title='bbox 1182 1358 1381 1407; x_wconf 92' lang='lat' dir='ltr'>multas</span> <span class='ocrx_word' id='word_1_71' title='bbox 1431 1357 1561 1406; x_wconf 92' lang='lat' dir='ltr'>alias</span> <span class='ocrx_word' id='word_1_72' title='bbox 1611 1362 1740 1406; x_wconf 91' lang='lat' dir='ltr'>tunc</span> <span class='ocrx_word' id='word_1_73' title='bbox 1783 1356 1882 1405; x_wconf 80' lang='lat' dir='ltr'>fre-</span> 
     </span>
     <span class='ocr_line' id='line_1_12' title="bbox 185 1439 1884 1513; baseline -0.006 -17"><span class='ocrx_word' id='word_1_74' title='bbox 185 1445 410 1513; x_wconf 89' lang='lat' dir='ltr'>quencia</span> <span class='ocrx_word' id='word_1_75' title='bbox 431 1461 491 1494; x_wconf 93' lang='lat' dir='ltr'>ac</span> <span class='ocrx_word' id='word_1_76' title='bbox 503 1447 523 1476; x_wconf 65' lang='grc' dir='ltr'><em>ὸ</em></span> <span class='ocrx_word' id='word_1_77' title='bbox 544 1442 928 1492; x_wconf 81' lang='lat' dir='ltr'>numerositate</span> <span class='ocrx_word' id='word_1_78' title='bbox 949 1441 1201 1490; x_wconf 79' lang='lat' dir='ltr'>refertam</span> <span class='ocrx_word' id='word_1_79' title='bbox 1216 1440 1250 1490; x_wconf 81' lang='lat'>3.</span> <span class='ocrx_word' id='word_1_80' title='bbox 1276 1440 1405 1504; x_wconf 74' lang='lat' dir='ltr'>Que,</span> <span class='ocrx_word' id='word_1_81' title='bbox 1430 1455 1552 1488; x_wconf 89' lang='lat' dir='ltr'>curn</span> <span class='ocrx_word' id='word_1_82' title='bbox 1575 1439 1884 1488; x_wconf 91' lang='lat' dir='ltr'>suburbana</span> 
     </span>
     <span class='ocr_line' id='line_1_13' title="bbox 184 1522 1883 1592; baseline -0.006 -14"><span class='ocrx_word' id='word_1_83' title='bbox 184 1529 405 1578; x_wconf 91' lang='lat' dir='ltr'>haberet</span> <span class='ocrx_word' id='word_1_84' title='bbox 428 1525 750 1592; x_wconf 77' lang='lat' dir='ltr'>perampla⁶‚</span> <span class='ocrx_word' id='word_1_85' title='bbox 776 1528 966 1588; x_wconf 89' lang='lat' dir='ltr'>utpote</span> <span class='ocrx_word' id='word_1_86' title='bbox 989 1523 1043 1571; x_wconf 92' lang='lat' dir='ltr'>in</span> <span class='ocrx_word' id='word_1_87' title='bbox 1067 1522 1261 1587; x_wconf 90' lang='lat' dir='ltr'>quibus</span> <span class='ocrx_word' id='word_1_88' title='bbox 1288 1526 1462 1571; x_wconf 91' lang='lat' dir='ltr'>essent</span> <span class='ocrx_word' id='word_1_89' title='bbox 1500 1525 1732 1586; x_wconf 89' lang='lat' dir='ltr'>quatuor</span> <span class='ocrx_word' id='word_1_90' title='bbox 1762 1536 1883 1569; x_wconf 91' lang='lat' dir='ltr'>con-</span> 
     </span>
     <span class='ocr_line' id='line_1_14' title="bbox 185 1602 1883 1668; baseline -0.006 -8"><span class='ocrx_word' id='word_1_91' title='bbox 185 1616 380 1661; x_wconf 85' lang='lat' dir='ltr'>ventus</span> <span class='ocrx_word' id='word_1_92' title='bbox 401 1608 647 1659; x_wconf 90' lang='lat' dir='ltr'>ordinum</span> <span class='ocrx_word' id='word_1_93' title='bbox 667 1605 1094 1655; x_wconf 89' lang='lat' dir='ltr'>mendicancium</span> <span class='ocrx_word' id='word_1_94' title='bbox 1114 1609 1167 1653; x_wconf 93' lang='lat' dir='ltr'>et</span> <span class='ocrx_word' id='word_1_95' title='bbox 1188 1603 1406 1668; x_wconf 89' lang='lat' dir='ltr'>insignis</span> <span class='ocrx_word' id='word_1_96' title='bbox 1426 1602 1705 1668; x_wconf 87' lang='lat' dir='ltr'>collegiata</span> <span class='ocrx_word' id='word_1_97' title='bbox 1725 1602 1883 1651; x_wconf 91' lang='lat' dir='ltr'>eccle-</span> 
     </span>
     <span class='ocr_line' id='line_1_15' title="bbox 187 1684 1884 1752; baseline -0.006 -9"><span class='ocrx_word' id='word_1_98' title='bbox 187 1693 264 1743; x_wconf 89' lang='lat' dir='ltr'>sia</span> <span class='ocrx_word' id='word_1_99' title='bbox 291 1690 473 1742; x_wconf 84' lang='lat' dir='ltr'>Sancti</span> <span class='ocrx_word' id='word_1_100' title='bbox 499 1689 710 1747; x_wconf 89' lang='lat' dir='ltr'>Aniani,</span> <span class='ocrx_word' id='word_1_101' title='bbox 740 1704 862 1737; x_wconf 91' lang='lat' dir='ltr'>curn</span> <span class='ocrx_word' id='word_1_102' title='bbox 889 1686 1129 1752; x_wconf 89' lang='lat' dir='ltr'>pluribus</span> <span class='ocrx_word' id='word_1_103' title='bbox 1155 1685 1549 1750; x_wconf 83' lang='lat' dir='ltr'>parochialibus</span> <span class='ocrx_word' id='word_1_104' title='bbox 1575 1684 1804 1733; x_wconf 92' lang='lat' dir='ltr'>ecclesiis</span> <span class='ocrx_word' id='word_1_105' title='bbox 1831 1688 1884 1732; x_wconf 91' lang='lat' dir='ltr'>et</span> 
     </span>
     <span class='ocr_line' id='line_1_16' title="bbox 186 1767 1885 1832; baseline -0.006 -8"><span class='ocrx_word' id='word_1_106' title='bbox 186 1775 301 1824; x_wconf 92' lang='lat' dir='ltr'>aliis</span> <span class='ocrx_word' id='word_1_107' title='bbox 331 1772 574 1823; x_wconf 90' lang='lat' dir='ltr'>oratoriis</span> <span class='ocrx_word' id='word_1_108' title='bbox 602 1767 838 1828; x_wconf 72' lang='lat' dir='ltr'>multisd,</span> <span class='ocrx_word' id='word_1_109' title='bbox 871 1769 1012 1818; x_wconf 87' lang='lat' dir='ltr'>cives</span> <span class='ocrx_word' id='word_1_110' title='bbox 1041 1768 1198 1817; x_wconf 89' lang='lat' dir='ltr'>veriti</span> <span class='ocrx_word' id='word_1_111' title='bbox 1226 1783 1292 1816; x_wconf 91' lang='lat' dir='ltr'>ne</span> <span class='ocrx_word' id='word_1_112' title='bbox 1328 1772 1381 1816; x_wconf 94' lang='lat' dir='ltr'>et</span> <span class='ocrx_word' id='word_1_113' title='bbox 1412 1767 1481 1816; x_wconf 95' lang='lat' dir='ltr'>ad</span> <span class='ocrx_word' id='word_1_114' title='bbox 1510 1783 1563 1816; x_wconf 94' lang='lat' dir='ltr'>se</span> <span class='ocrx_word' id='word_1_115' title='bbox 1609 1771 1885 1832; x_wconf 87' lang='lat' dir='ltr'>protegen-</span> 
     </span>
     <span class='ocr_line' id='line_1_17' title="bbox 187 1847 1884 1920; baseline -0.006 -14"><span class='ocrx_word' id='word_1_116' title='bbox 187 1857 317 1906; x_wconf 91' lang='lat' dir='ltr'>dum</span> <span class='ocrx_word' id='word_1_117' title='bbox 349 1853 880 1920; x_wconf 88' lang='lat' dir='ltr'>impugnandumque</span> <span class='ocrx_word' id='word_1_118' title='bbox 914 1850 1192 1900; x_wconf 86' lang='lat' dir='ltr'>civitatem</span> <span class='ocrx_word' id='word_1_119' title='bbox 1231 1849 1336 1898; x_wconf 91' lang='lat' dir='ltr'>ista</span> <span class='ocrx_word' id='word_1_120' title='bbox 1379 1849 1624 1898; x_wconf 90' lang='lat' dir='ltr'>hostibus</span> <span class='ocrx_word' id='word_1_121' title='bbox 1658 1847 1884 1897; x_wconf 86' lang='lat' dir='ltr'>deservi-</span> 
     </span>
     <span class='ocr_line' id='line_1_18' title="bbox 186 1930 1886 2000; baseline -0.006 -12"><span class='ocrx_word' id='word_1_122' title='bbox 186 1943 328 1997; x_wconf 88' lang='lat' dir='ltr'>rent,</span> <span class='ocrx_word' id='word_1_123' title='bbox 382 1935 732 2000; x_wconf 89' lang='lat' dir='ltr'>comportatis</span> <span class='ocrx_word' id='word_1_124' title='bbox 792 1933 931 1981; x_wconf 82' lang='lat' dir='ltr'>infra</span> <span class='ocrx_word' id='word_1_125' title='bbox 991 1932 1168 1980; x_wconf 87' lang='lat' dir='ltr'>menia</span> <span class='ocrx_word' id='word_1_126' title='bbox 1218 1947 1320 1996; x_wconf 90' lang='lat' dir='ltr'>que</span> <span class='ocrx_word' id='word_1_127' title='bbox 1378 1930 1482 1980; x_wconf 92' lang='lat' dir='ltr'>illic</span> <span class='ocrx_word' id='word_1_128' title='bbox 1533 1930 1886 1979; x_wconf 89' lang='lat' dir='ltr'>constiterant</span> 
     </span>
     <span class='ocr_line' id='line_1_19' title="bbox 187 2012 1886 2081; baseline -0.006 -11"><span class='ocrx_word' id='word_1_129' title='bbox 187 2020 340 2070; x_wconf 91' lang='lat' dir='ltr'>bonis</span> <span class='ocrx_word' id='word_1_130' title='bbox 377 2019 564 2068; x_wconf 91' lang='lat' dir='ltr'>eadem</span> <span class='ocrx_word' id='word_1_131' title='bbox 600 2016 719 2081; x_wconf 89' lang='lat' dir='ltr'>igne</span> <span class='ocrx_word' id='word_1_132' title='bbox 757 2019 1069 2072; x_wconf 81' lang='lat' dir='ltr'>cremantes,</span> <span class='ocrx_word' id='word_1_133' title='bbox 1110 2014 1164 2062; x_wconf 91' lang='lat' dir='ltr'>in</span> <span class='ocrx_word' id='word_1_134' title='bbox 1202 2013 1412 2062; x_wconf 81' lang='lat' dir='ltr'>favillas</span> <span class='ocrx_word' id='word_1_135' title='bbox 1461 2012 1764 2076; x_wconf 90' lang='lat' dir='ltr'>cineresque</span> <span class='ocrx_word' id='word_1_136' title='bbox 1809 2026 1886 2059; x_wconf 91' lang='lat' dir='ltr'>re-</span> 
     </span>
     <span class='ocr_line' id='line_1_20' title="bbox 189 2093 1888 2162; baseline -0.006 -10"><span class='ocrx_word' id='word_1_137' title='bbox 189 2103 349 2152; x_wconf 86' lang='lat' dir='ltr'>dacta</span> <span class='ocrx_word' id='word_1_138' title='bbox 381 2101 449 2149; x_wconf 89' lang='lat' dir='ltr'>ad</span> <span class='ocrx_word' id='word_1_139' title='bbox 481 2101 652 2149; x_wconf 91' lang='lat' dir='ltr'>solum</span> <span class='ocrx_word' id='word_1_140' title='bbox 684 2113 851 2162; x_wconf 91' lang='lat' dir='ltr'>usque</span> <span class='ocrx_word' id='word_1_141' title='bbox 884 2097 1309 2162; x_wconf 89' lang='lat' dir='ltr'>complanarunt.</span> <span class='ocrx_word' id='word_1_142' title='bbox 1346 2095 1448 2145; x_wconf 83' lang='lat' dir='ltr'>Sed</span> <span class='ocrx_word' id='word_1_143' title='bbox 1478 2093 1586 2142; x_wconf 87' lang='lat' dir='ltr'>non</span> <span class='ocrx_word' id='word_1_144' title='bbox 1618 2109 1679 2142; x_wconf 93' lang='lat' dir='ltr'>eo</span> <span class='ocrx_word' id='word_1_145' title='bbox 1710 2093 1888 2141; x_wconf 92' lang='lat' dir='ltr'>minus</span> 
     </span>
     <span class='ocr_line' id='line_1_21' title="bbox 189 2174 1884 2245; baseline -0.006 -12"><span class='ocrx_word' id='word_1_146' title='bbox 189 2184 545 2234; x_wconf 85' lang='lat' dir='ltr'>adventantes</span> <span class='ocrx_word' id='word_1_147' title='bbox 583 2179 804 2245; x_wconf 89' lang='lat' dir='ltr'>Anglici,</span> <span class='ocrx_word' id='word_1_148' title='bbox 848 2179 979 2228; x_wconf 92' lang='lat' dir='ltr'>duce</span> <span class='ocrx_word' id='word_1_149' title='bbox 1019 2193 1202 2226; x_wconf 91' lang='lat' dir='ltr'>eorum</span> <span class='ocrx_word' id='word_1_150' title='bbox 1240 2177 1433 2226; x_wconf 92' lang='lat' dir='ltr'>comite</span> <span class='ocrx_word' id='word_1_151' title='bbox 1474 2174 1884 2232; x_wconf 82' lang='lat' dir='ltr'>Salisberiensi4,</span> 
     </span>
     <span class='ocr_line' id='line_1_22' title="bbox 188 2257 1889 2330; baseline -0.006 -15"><span class='ocrx_word' id='word_1_152' title='bbox 188 2265 406 2330; x_wconf 86' lang='lat' dir='ltr'>majoris</span> <span class='ocrx_word' id='word_1_153' title='bbox 436 2280 496 2313; x_wconf 91' lang='lat' dir='ltr'>ac</span> <span class='ocrx_word' id='word_1_154' title='bbox 526 2262 773 2328; x_wconf 87' lang='lat' dir='ltr'>precipue</span> <span class='ocrx_word' id='word_1_155' title='bbox 803 2266 932 2310; x_wconf 88' lang='lat' dir='ltr'>tunc</span> <span class='ocrx_word' id='word_1_156' title='bbox 963 2259 1225 2324; x_wconf 91' lang='lat' dir='ltr'>opinionis</span> <span class='ocrx_word' id='word_1_157' title='bbox 1254 2258 1307 2306; x_wconf 93' lang='lat' dir='ltr'>in</span> <span class='ocrx_word' id='word_1_158' title='bbox 1337 2259 1494 2307; x_wconf 92' lang='lat' dir='ltr'>rebus</span> <span class='ocrx_word' id='word_1_159' title='bbox 1522 2257 1722 2306; x_wconf 90' lang='lat' dir='ltr'>bellicis</span> <span class='ocrx_word' id='word_1_160' title='bbox 1750 2257 1889 2305; x_wconf 90' lang='lat' dir='ltr'>inter</span> 
     </span>
     <span class='ocr_line' id='line_1_23' title="bbox 190 2338 1888 2412; baseline -0.006 -15"><span class='ocrx_word' id='word_1_161' title='bbox 190 2347 483 2412; x_wconf 91' lang='lat' dir='ltr'>Anglorum</span> <span class='ocrx_word' id='word_1_162' title='bbox 506 2346 680 2402; x_wconf 83' lang='lat' dir='ltr'>duceS,</span> <span class='ocrx_word' id='word_1_163' title='bbox 707 2348 895 2392; x_wconf 89' lang='lat' dir='ltr'>contra</span> <span class='ocrx_word' id='word_1_164' title='bbox 916 2342 1194 2391; x_wconf 87' lang='lat' dir='ltr'>civitatem</span> <span class='ocrx_word' id='word_1_165' title='bbox 1216 2345 1392 2390; x_wconf 86' lang='lat' dir='ltr'>castra</span> <span class='ocrx_word' id='word_1_166' title='bbox 1413 2339 1619 2397; x_wconf 91' lang='lat' dir='ltr'>metati,</span> <span class='ocrx_word' id='word_1_167' title='bbox 1645 2338 1888 2388; x_wconf 90' lang='lat' dir='ltr'>eamdem</span> 
     </span>
     <span class='ocr_line' id='line_1_24' title="bbox 191 2427 787 2478; baseline -0.008 0"><span class='ocrx_word' id='word_1_168' title='bbox 191 2429 463 2478; x_wconf 86' lang='lat' dir='ltr'>obsidione</span> <span class='ocrx_word' id='word_1_169' title='bbox 490 2427 787 2476; x_wconf 83' lang='lat' dir='ltr'>cinxerunt.</span> 
     </span>
    </p>

    <p class='ocr_par' dir='ltr' id='par_1_4' title="bbox 191 2502 1890 2811">
     <span class='ocr_line' id='line_1_25' title="bbox 260 2502 1885 2560; baseline -0.006 -1"><span class='ocrx_word' id='word_1_170' title='bbox 260 2510 512 2560; x_wconf 88' lang='lat' dir='ltr'>Habebat</span> <span class='ocrx_word' id='word_1_171' title='bbox 558 2507 700 2557; x_wconf 91' lang='lat' dir='ltr'>idem</span> <span class='ocrx_word' id='word_1_172' title='bbox 746 2522 922 2555; x_wconf 89' lang='lat' dir='ltr'>comes</span> <span class='ocrx_word' id='word_1_173' title='bbox 967 2510 1096 2554; x_wconf 88' lang='lat' dir='ltr'>tunc</span> <span class='ocrx_word' id='word_1_174' title='bbox 1143 2504 1530 2553; x_wconf 87' lang='lat' dir='ltr'>validissimum</span> <span class='ocrx_word' id='word_1_175' title='bbox 1576 2502 1885 2559; x_wconf 84' lang='lat' dir='ltr'>exercitum,</span> 
     </span>
     <span class='ocr_line' id='line_1_26' title="bbox 191 2574 1888 2658; baseline -0.006 -17"><span class='ocrx_word' id='word_1_176' title='bbox 191 2608 351 2658; x_wconf 91' lang='lat' dir='ltr'>quem</span> <span class='ocrx_word' id='word_1_177' title='bbox 382 2590 593 2640; x_wconf 88' lang='lat' dir='ltr'>noviter</span> <span class='ocrx_word' id='word_1_178' title='bbox 625 2605 690 2637; x_wconf 85' lang='lat' dir='ltr'>ex</span> <span class='ocrx_word' id='word_1_179' title='bbox 722 2588 914 2652; x_wconf 90' lang='lat' dir='ltr'>Anglia</span> <span class='ocrx_word' id='word_1_180' title='bbox 947 2586 1291 2644; x_wconf 70' lang='lat' dir='ltr'>adduxerate,</span> <span class='ocrx_word' id='word_1_181' title='bbox 1328 2574 1597 2650; x_wconf 85' lang='lat' dir='ltr'>adjunctis</span> <span class='ocrx_word' id='word_1_182' title='bbox 1635 2584 1734 2633; x_wconf 90' lang='lat' dir='ltr'>sibi</span> <span class='ocrx_word' id='word_1_183' title='bbox 1767 2599 1888 2632; x_wconf 91' lang='lat' dir='ltr'>con-</span> 
     </span>
     <span class='ocr_line' id='line_1_27' title="bbox 192 2665 1888 2738; baseline -0.006 -15"><span class='ocrx_word' id='word_1_184' title='bbox 192 2674 483 2738; x_wconf 87' lang='lat' dir='ltr'>tractisque</span> <span class='ocrx_word' id='word_1_185' title='bbox 505 2671 671 2736; x_wconf 88' lang='lat' dir='ltr'>copiis</span> <span class='ocrx_word' id='word_1_186' title='bbox 693 2686 759 2719; x_wconf 86' lang='lat' dir='ltr'>ex</span> <span class='ocrx_word' id='word_1_187' title='bbox 781 2669 1052 2718; x_wconf 86' lang='lat' dir='ltr'>veteribus</span> <span class='ocrx_word' id='word_1_188' title='bbox 1073 2667 1306 2732; x_wconf 91' lang='lat' dir='ltr'>Anglicis</span> <span class='ocrx_word' id='word_1_189' title='bbox 1328 2667 1420 2732; x_wconf 91' lang='lat' dir='ltr'>qui</span> <span class='ocrx_word' id='word_1_190' title='bbox 1443 2667 1534 2715; x_wconf 91' lang='lat' dir='ltr'>diu</span> <span class='ocrx_word' id='word_1_191' title='bbox 1556 2666 1668 2730; x_wconf 82' lang='lat' dir='ltr'>jam</span> <span class='ocrx_word' id='word_1_192' title='bbox 1690 2665 1744 2714; x_wconf 92' lang='lat' dir='ltr'>in</span> <span class='ocrx_word' id='word_1_193' title='bbox 1768 2665 1888 2715; x_wconf 89' lang='lat' dir='ltr'>Gal-</span> 
     </span>
     <span class='ocr_line' id='line_1_28' title="bbox 191 2747 1890 2811; baseline -0.006 -6"><span class='ocrx_word' id='word_1_194' title='bbox 191 2756 262 2805; x_wconf 91' lang='lat' dir='ltr'>lia</span> <span class='ocrx_word' id='word_1_195' title='bbox 296 2755 677 2804; x_wconf 84' lang='lat' dir='ltr'>militaverant.</span> <span class='ocrx_word' id='word_1_196' title='bbox 719 2752 821 2801; x_wconf 82' lang='lat' dir='ltr'>Sed</span> <span class='ocrx_word' id='word_1_197' title='bbox 858 2766 980 2800; x_wconf 91' lang='lat' dir='ltr'>cum</span> <span class='ocrx_word' id='word_1_198' title='bbox 1017 2766 1082 2799; x_wconf 85' lang='lat' dir='ltr'>ex</span> <span class='ocrx_word' id='word_1_199' title='bbox 1117 2766 1179 2798; x_wconf 93' lang='lat' dir='ltr'>ea</span> <span class='ocrx_word' id='word_1_200' title='bbox 1215 2754 1431 2798; x_wconf 87' lang='lat' dir='ltr'>tantum</span> <span class='ocrx_word' id='word_1_201' title='bbox 1470 2747 1703 2797; x_wconf 90' lang='lat' dir='ltr'>fluminis</span> <span class='ocrx_word' id='word_1_202' title='bbox 1739 2752 1890 2811; x_wconf 89' lang='lat' dir='ltr'>parte</span> 
     </span>
    </p>
   </div>
   <div class='ocr_carea' id='block_1_4' title="bbox 192 2898 1890 3023">
    <p class='ocr_par' dir='ltr' id='par_1_5' title="bbox 192 2898 1890 3023">
     <span class='ocr_line' id='line_1_29' title="bbox 257 2898 1890 3007; baseline -0.006 -61"><span class='ocrx_word' id='word_1_203' title='bbox 257 2921 297 2947; x_wconf 83' lang='grc' dir='ltr'>α.</span> <span class='ocrx_word' id='word_1_204' title='bbox 318 2909 524 3007; x_wconf 54' lang='grc' dir='ltr'>Οῑέζεᾱυ</span> <span class='ocrx_word' id='word_1_205' title='bbox 545 2907 598 2945; x_wconf 91' lang='grc' dir='ltr'>Ρ.</span> <span class='ocrx_word' id='word_1_206' title='bbox 617 2927 676 2933; x_wconf 93' lang='grc'>--</span> <span class='ocrx_word' id='word_1_207' title='bbox 696 2904 733 2944; x_wconf 86' lang='lat' dir='ltr'>b.</span> <span class='ocrx_word' id='word_1_208' title='bbox 755 2908 801 2944; x_wconf 89' lang='lat' dir='ltr'>et</span> <span class='ocrx_word' id='word_1_209' title='bbox 820 2905 872 2943; x_wconf 90' lang='lat' dir='ltr'>P.</span> <span class='ocrx_word' id='word_1_210' title='bbox 891 2927 950 2932; x_wconf 90' lang='lat'>—</span> <span class='ocrx_word' id='word_1_211' title='bbox 967 2917 1001 2943; x_wconf 83' lang='lat' dir='ltr'>c.</span> <span class='ocrx_word' id='word_1_212' title='bbox 1022 2904 1178 2955; x_wconf 88' lang='lat' dir='ltr'>ampla</span> <span class='ocrx_word' id='word_1_213' title='bbox 1196 2903 1248 2942; x_wconf 91' lang='lat' dir='ltr'>P.</span> <span class='ocrx_word' id='word_1_214' title='bbox 1269 2925 1327 2930; x_wconf 93' lang='lat'>—</span> <span class='ocrx_word' id='word_1_215' title='bbox 1344 2902 1385 2941; x_wconf 86' lang='lat' dir='ltr'>d.</span> <span class='ocrx_word' id='word_1_216' title='bbox 1407 2900 1541 2940; x_wconf 91' lang='lat' dir='ltr'>multi</span> <span class='ocrx_word' id='word_1_217' title='bbox 1561 2902 1613 2940; x_wconf 92' lang='grc' dir='ltr'>Ρ.</span> <span class='ocrx_word' id='word_1_218' title='bbox 1628 2912 1734 2939; x_wconf 79' lang='grc' dir='ltr'>-ε,</span> <span class='ocrx_word' id='word_1_219' title='bbox 1750 2898 1890 2939; x_wconf 75' lang='lat' dir='ltr'>Man-</span> 
     </span>
     <span class='ocr_line' id='line_1_30' title="bbox 192 2981 427 3023; baseline -0.017 -14"><span class='ocrx_word' id='word_1_220' title='bbox 192 2982 270 3023; x_wconf 81' lang='lat' dir='ltr'>que</span> <span class='ocrx_word' id='word_1_221' title='bbox 295 2981 348 3007; x_wconf 80' lang='lat' dir='ltr'>en</span> <span class='ocrx_word' id='word_1_222' title='bbox 421 2998 427 3005; x_wconf 96' lang='lat'>.</span> 
     </span>
    </p>
   </div>
  </div>
 </body>
</html>
