2071 3302
190 213 248 256 32
704 208 778 238 DE
814 206 1020 238 PIRATIS
1056 205 1374 237 NORMANNIS

256 325 342 374 Ad
371 324 516 389 quod
545 323 713 372 eciam
742 320 1158 386 aggrediendum
1185 334 1293 368 non
1321 333 1513 383 parum
1541 333 1630 367 eos
1657 317 1890 382 impelle-

189 409 323 457 bant
358 407 595 471 dampna
629 409 792 469 atque
827 401 1153 452 detrimenta
1185 416 1319 465 pene
1353 400 1648 458 innumera,
1686 415 1789 463 que
1823 399 1892 448 ab

189 489 307 539 hisa
338 487 430 554 qui
462 486 746 553 piraticam
766 485 821 533 in
844 483 1004 549 opido
1027 483 1091 532 de
1113 482 1169 530 H
1170 481 1394 542 arefleul
1421 486 1475 530 et
1497 497 1590 546 per
1611 496 1761 530 oram
1779 496 1891 530 ma·

189 571 427 620 ritimam
453 567 782 618 Normannie
810 565 1130 615 exercebant
1159 564 1377 629 singulis
1404 579 1539 628 pene
1567 562 1755 612 diebus
1782 579 1892 612 sus-

190 652 454 702 tinebant.
484 651 618 699 Cum
644 648 786 698 enim
811 647 1069 697 insulares
1095 645 1218 704 sint,
1247 645 1302 694 in
1327 645 1504 694 medio
1531 660 1759 694 occeano
1785 644 1891 703 siti,

190 732 522 790 commercia,
550 747 653 796 que
678 728 1012 795 permaxima
1034 727 1109 777 ibi
1136 727 1249 776 fieri
1280 726 1502 785 solent‘ss
1527 742 1636 776 non
1667 726 1770 776 nisi
1800 741 1894 791 per

189 831 335 865 mare
366 814 479 864 fieri
506 817 748 879 possunt,
779 827 902 860 cum
929 826 1027 859 nec
1054 809 1232 875 patria
1259 808 1405 867 exiri,
1437 808 1894 874 exportandarum

190 894 447 944 mercium
475 908 694 943 suarum
722 907 899 949 causa,
930 906 1027 939 nec
1057 890 1126 939 ab
1155 889 1351 939 exteris
1379 888 1628 954 gentibus
1656 893 1711 938 et
1740 888 1895 938 terris

192 977 261 1025 ad
287 992 376 1025 eos
403 974 582 1024 accedi
607 973 710 1023 nisi
736 971 1155 1022 transffretando
1192 971 1377 1035 possit.
1408 969 1675 1019 Continuo
1700 984 1828 1018 vero
1863 984 1895 1017 a

192 1057 348 1107 dictis
385 1054 733 1106 Normannici
769 1053 965 1103 littoris
1002 1052 1190 1118 piratis
1228 1052 1360 1101 adeo
1398 1055 1578 1100 totum
1614 1051 1747 1100 illud
1779 1050 1893 1099 Bri-

191 1139 469 1189 tannicum
501 1153 647 1186 mare
679 1135 1055 1193 infestabatur,
1092 1134 1238 1199 quod
1270 1133 1462 1198 aliquis
1493 1132 1894 1198 negociatorum

190 1221 295 1271 illic
326 1218 779 1270 adventancium⁰
802 1218 887 1266 vel
922 1217 1045 1266 inde
1077 1214 1550 1266 transfretancium
1579 1215 1760 1264 salvus
1801 1214 1895 1263 vix

191 1303 415 1353 evadere
443 1306 672 1367 poterat,
703 1299 833 1365 quin
861 1315 892 1348 a
919 1298 1171 1364 predictis
1197 1297 1386 1363 piratis
1413 1301 1707 1362 caperetur.
1737 1296 1894 1346 Unde

191 1385 413 1450 opidum
450 1384 581 1433 illud
620 1383 978 1439 Hareflotum,
1020 1380 1165 1445 quod
1203 1384 1283 1429 est
1321 1379 1486 1429 situm
1524 1379 1594 1428 ad
1631 1377 1894 1428 orificium

193 1468 405 1525 Secane,
435 1482 599 1531 prope
626 1465 720 1515 ubi
745 1462 925 1513 idemd
954 1462 1150 1512 fluvius
1175 1461 1230 1510 in
1253 1477 1400 1510 mare
1425 1460 1621 1519 influit,
1650 1460 1894 1525 hujusce-

191 1549 337 1599 modi
358 1548 558 1613 rapinis
579 1552 633 1596 et
656 1546 836 1612 spoliis
857 1550 976 1594 tum
997 1544 1292 1608 Anglorum
1312 1542 1562 1601 maxime,
1587 1547 1706 1591 tum
1727 1541 1895 1590 eciam

194 1632 418 1681 aliorum
459 1643 920 1695 quorumcumque
963 1627 1031 1676 ad
1073 1642 1206 1691 quos
1246 1641 1438 1674 manus
1478 1624 1693 1673 mittere
1734 1623 1896 1673 iidem

193 1713 365 1778 pirate
397 1711 714 1777 potuissent,
750 1710 1067 1775 opulentum
1099 1708 1256 1757 valde
1289 1708 1541 1756 effectum
1573 1710 1703 1764 erat,
1739 1705 1783 1754 si
1814 1710 1894 1753 ta-

193 1811 316 1844 men
349 1799 491 1843 recte
527 1791 806 1858 opulencia
840 1791 943 1840 dici
978 1790 1171 1839 debeat
1207 1805 1272 1838 ex
1306 1788 1506 1838 talibus
1539 1787 1739 1852 rapinis
1773 1802 1894 1836 con-

194 1876 409 1942 quisita.

262 1960 377 2008 Hec
406 1973 528 2022 ergo
557 1955 754 2021 injuria
782 1959 962 2004 totum
990 1954 1122 2002 illud
1150 1969 1373 2018 regnum
1401 1957 1455 2001 et
1485 1951 1725 2000 omnium
1754 1950 1894 1999 inco-

193 2042 367 2090 larum
405 2039 520 2104 ejus
560 2038 766 2087 animos
803 2036 1037 2085 maxime
1077 2034 1320 2084 accendit
1359 2038 1523 2098 atque
1561 2032 1776 2097 impulit
1814 2038 1892 2090 ut,

195 2138 305 2172 sese
357 2120 556 2170 talibus
607 2117 853 2183 periculis
905 2116 1278 2173 subducentes,
1333 2130 1497 2179 penas
1548 2129 1645 2178 pro
1697 2113 1896 2162 talibus

195 2203 443 2267 dampnis
466 2207 628 2266 atque
658 2199 865 2264 injuriis
886 2202 1221 2263 reposcerent
1248 2202 1522 2260 terrasque
1549 2195 1892 2252 Normannie,

195 2303 226 2334 a
262 2285 458 2350 quibus
494 2284 572 2332 ita
607 2282 841 2347 graviter
878 2280 1273 2346 premebantur,
1314 2295 1436 2328 suas
1473 2277 1638 2327 ulturi
1674 2276 1896 2341 injurias

195 2366 616 2432 aggredienture.
652 2364 754 2413 Sed
788 2369 842 2412 et
873 2363 940 2411 ad
978 2362 1034 2410 id
1071 2361 1379 2410 audendum
1412 2359 1580 2409 eciam
1612 2357 1831 2407 invitati
1865 2373 1896 2406 a

196 2447 603 2514 quamplurimis
636 2450 944 2495 asseruntur
981 2460 1012 2492 a
1037 2443 1246 2508 prefato
1273 2443 1536 2506 Johanne,
1561 2439 1894 2504 Burgundio-

195 2547 326 2580 num
353 2530 502 2587 duce,
534 2528 625 2592 qui
654 2543 775 2576 cum
802 2531 1021 2591 propter
1047 2540 1231 2574 necem
1259 2523 1408 2573 ducis
1435 2521 1895 2577 Aurelianensium

195 2619 249 2661 et
280 2611 410 2660 alias
441 2626 574 2675 quas
604 2624 764 2673 supra
801 2607 1080 2656 retulimus
1117 2621 1318 2663 causas,
1360 2619 1543 2654 omnes
1579 2619 1712 2668 pene
1749 2602 1895 2666 regni

197 2693 460 2759 principes
502 2697 555 2740 et
598 2705 838 2755 proceres
882 2689 950 2737 ad
993 2704 1045 2737 se
1089 2686 1555 2736 exterminandum
1598 2683 1895 2733 concitatos

259 2862 298 2888 a.
327 2848 414 2887 hiis
442 2849 494 2887 P.
522 2870 580 2875 ——
611 2848 647 2886 b.
677 2847 888 2886 solebant
916 2846 968 2884 P.
995 2866 1055 2872 -
1080 2855 1114 2882 c.
1143 2843 1251 2882 illuc
1277 2840 1552 2881 adeuntium
1578 2840 1631 2878 P.
1658 2861 1718 2867 —
1743 2839 1783 2877 d.
1812 2837 1895 2876 ibi-

199 2910 301 2948 dem
323 2909 375 2947 P.
393 2930 452 2935 ——
468 2920 502 2946 e.
523 2907 878 2958 aggrederentur
897 2906 949 2943 P.
