2071 3302
228 233 320 277 254
463 233 594 275 QUID
631 233 689 264 IN
726 232 1051 263 NORMANNIA
1087 232 1309 264 FRANCIS
1346 232 1696 265 SUCCESSERIT

225 363 390 412 quam
419 347 464 397 si
495 348 837 405 Hareflotum
868 347 1159 405 obsessum,
1193 346 1282 396 illo
1314 363 1469 412 opere
1499 348 1757 412 neglecte,
1791 348 1929 399 obsi-

225 428 381 478 dione
405 429 736 479 liberassent.

293 511 528 576 Purgato
554 510 717 575 igitur
741 510 884 559 vallo
911 509 1195 568 Lociveri5‚
1224 511 1370 575 quod
1395 527 1461 560 ex
1485 511 1765 561 ruderibus
1791 511 1928 576 prio-

223 608 343 641 rum
378 592 616 641 menium
653 596 816 656 atque
854 591 1084 640 turrium
1121 607 1255 656 quas
1291 592 1499 657 Anglici
1536 593 1826 652 diruerant,
1866 598 1928 643 ut

223 673 473 731 diximus,
533 673 817 738 impletum
874 673 1385 738 complanatumque
1442 674 1634 732 fuerat,
1695 675 1929 725 decursis

221 755 334 819 jam
382 759 505 819 post
554 756 655 804 hoc
693 754 846 803 annis
885 768 942 804 VI
990 759 1085 803 aut
1135 769 1233 813 VII,
1286 755 1485 804 fossam
1534 772 1787 821 magnam
1835 773 1929 822 per

222 836 394 886 tocius
444 836 591 901 opidi
640 836 924 886 circuitum
970 836 1162 885 Franci
1212 837 1452 886 fecerunt
1502 842 1792 903 portasque
1831 838 1927 888 eri-

220 923 406 983 gentes
436 935 498 968 ac
527 918 846 977 munientes,
879 934 1060 968 muros
1091 918 1260 967 eciam
1291 923 1454 984 atque
1485 924 1658 970 turres
1693 924 1747 969 et
1777 920 1929 970 varia

221 1000 622 1064 propugnacula
658 999 809 1048 brevi
846 1004 1086 1064 tempore
1123 1005 1538 1059 exstruxerunt;
1578 1000 1652 1050 sic
1690 1001 1836 1065 quod
1871 1001 1927 1050 in

221 1081 405 1145 paucis
434 1081 705 1131 mensibus
734 1082 912 1130 locum
940 1081 1363 1130 munitissimum
1399 1087 1453 1130 et
1494 1082 1667 1131 multo
1697 1082 1927 1147 amplius

221 1179 385 1227 quam
409 1167 570 1212 antea
593 1162 782 1212 fuisset
805 1162 1155 1211 reddiderunt
1170 1162 1205 1211 1.

289 1244 557 1294 Feruntur
591 1244 696 1293 illic
731 1244 904 1293 multo
940 1249 1196 1309 tempore,
1236 1245 1366 1294 dum
1402 1250 1558 1310 cepto
1593 1245 1928 1295 insisteretur

221 1326 382 1390 operi,
418 1325 579 1375 fuisse
613 1342 780 1390 usque
819 1326 888 1375 ad
921 1325 1332 1390 quatuordecim
1365 1326 1533 1375 millia
1561 1327 1806 1392 equitum
1833 1327 1927 1392 qui

219 1423 373 1472 agros
403 1407 520 1457 illos
550 1407 884 1457 vastissimos
915 1407 1243 1456 Normannie
1281 1424 1450 1473 usque
1494 1409 1564 1457 ad
1593 1408 1787 1473 viginti
1817 1409 1925 1458 leu-

220 1504 308 1537 cas
335 1488 591 1537 continuo
618 1504 1053 1553 quaquaversum
1084 1488 1431 1538 incursabant
1463 1493 1517 1538 et
1546 1489 1726 1538 omnia
1755 1505 1924 1554 popu-

218 1570 449 1619 labant‘2.
472 1571 558 1619 Ex
576 1570 806 1635 captivis
825 1586 1037 1635 quoque
1072 1587 1320 1635 agrorum
1339 1571 1633 1620 cultoribus
1652 1576 1706 1621 et
1737 1571 1925 1622 ceteris

219 1652 414 1716 quibus
441 1668 632 1701 manus
666 1652 858 1701 inicere
873 1650 892 1679 ‘²
932 1652 1233 1717 potuissent
1263 1657 1442 1701 toturn
1469 1652 1601 1701 illud
1627 1669 1784 1702 suum
1812 1653 1922 1718 opi-

220 1734 349 1782 dum
372 1733 687 1798 implebant.

287 1815 450 1863 Porro
481 1815 610 1864 dum
639 1814 770 1864 talia
800 1831 832 1863 a
861 1815 1078 1865 Francis
1107 1831 1201 1880 per
1230 1831 1383 1880 agros
1412 1816 1740 1865 Normannie
1769 1816 1922 1866 facti-

218 1900 478 1955 tarentur,
519 1897 776 1945 manebat
815 1896 1020 1945 interea
1058 1897 1214 1946 urbsC
1255 1896 1579 1946 Parisiorum
1620 1897 1675 1946 in
1715 1898 1923 1963 magnis

218 1977 492 2043 angustiis,
521 1983 583 2027 ut
609 1994 716 2043 quo
743 1994 796 2027 se
823 1978 1093 2028 divertens
1120 1979 1189 2027 ab
1226 1978 1354 2043 ipsis
1391 1984 1571 2043 posset
1604 1995 1658 2029 se
1692 1979 1921 2030 eximere

217 2059 431 2124 penitus
475 2059 760 2124 ignoraret.
803 2060 1034 2109 Karolus
1082 2060 1224 2109 enirn
1262 2061 1589 2110 Francorum
1626 2077 1735 2120 rex,
1775 2067 1920 2126 post-

217 2157 381 2206 quam
410 2141 479 2190 ab
507 2141 802 2206 Anglorum
830 2157 995 2190 manu
1024 2141 1197 2206 ipsam
1224 2147 1580 2206 recuperarat,
1612 2158 1732 2191 earn
1759 2144 1921 2193 semel

216 2228 449 2281 tantum,
477 2239 583 2272 non
617 2223 862 2287 amplius,
888 2228 942 2272 et
974 2240 1071 2272 nec
1102 2223 1204 2273 nisi
1236 2240 1530 2288 paucorum
1563 2224 1769 2274 dierum
1800 2241 1919 2290 spa-

215 2303 295 2352 cio
322 2303 607 2353 visitarat‘l
623 2303 657 2353 2.
688 2304 844 2353 Unde
883 2304 1140 2368 languens
1168 2309 1287 2353 tota
1314 2309 1367 2353 et
1403 2305 1686 2370 exsanguis
1713 2305 1919 2354 confec-

215 2390 395 2449 taque,
423 2386 623 2450 absque
647 2385 757 2434 ulla
779 2401 913 2451 pene
936 2385 1232 2450 respirandi
1255 2402 1347 2451 spe
1371 2391 1658 2451 prostrata,
1684 2386 1917 2450 jacebat,

214 2466 316 2515 nisi
343 2460 606 2516 Dominus
634 2483 701 2516 ex
729 2467 840 2516 alto
869 2473 1065 2516 cuncta
1092 2467 1433 2532 prospiciens,
1466 2468 1685 2532 adjutor
1711 2484 1919 2533 semper

213 2547 267 2595 in
299 2547 760 2612 oportunitatibus
801 2548 855 2596 in
894 2548 1261 2607 tribulacione,
1296 2548 1483 2598 Karoli
1511 2548 1647 2614 regis
1677 2549 1917 2598 animum

214 2629 376 2678 velud
401 2629 557 2694 longo
584 2645 771 2694 sopore
798 2630 1073 2694 torpidum
1099 2645 1161 2678 ac
1186 2630 1466 2680 remissum
1503 2631 1572 2679 ad
1603 2630 1916 2680 subvencio-

214 2711 296 2760 nis
317 2711 513 2760 solacia
533 2711 705 2760 eidem
726 2711 846 2760 urbi
867 2711 1158 2776 prestanda
1178 2712 1480 2762 excitasset.

274 2874 315 2900 a.
341 2861 398 2900 Ce
421 2865 507 2900 mot
529 2860 632 2901 e'crz't
653 2867 738 2914 par
757 2862 961 2908 l'auteur‚
985 2875 1038 2901 en
1069 2862 1118 2908 G,
1145 2863 1258 2901 dans
1286 2875 1348 2901 un
1373 2862 1499 2902 blanc
1528 2861 1664 2902 laisse'
1682 2867 1768 2915 par
1787 2862 1824 2902 le
1846 2874 1913 2902 co-

214 2921 343 2972 piste.
374 2944 434 2949 —
471 2921 508 2960 b.
536 2922 718 2972 inycere
744 2934 908 2961 manus
933 2923 986 2961 P.
1012 2945 1071 2949 —
1101 2934 1136 2961 ε.
1165 2922 1222 2961 Ce
1255 2925 1342 2960 mot
1365 2923 1478 2961 dans
1513 2923 1558 2961 la
1593 2934 1756 2973 marge,
1783 2922 1833 2962 de
1869 2922 1914 2961 la

216 2980 340 3019 main
365 2981 414 3019 de
437 2980 641 3026 l'auteur,
665 2994 718 3020 en
745 2982 795 3020 G.
816 3005 875 3009 —
893 2982 934 3020 d.
956 2981 1172 3021 visitavit
1190 2982 1243 3020 P.
