2071 3302
239 247 268 288 4
941 240 1238 272 PRAEFAno

309 357 389 406 Ne
427 372 459 406 a
493 355 693 410 talibus
729 355 883 405 vanis
923 360 977 404 et
1010 353 1278 404 mendosis
1315 353 1515 418 scripta
1553 353 1940 412 adulatoribus,

244 455 474 505 quorum
509 438 753 488 nonnulli
790 439 969 488 forsan
1004 438 1073 486 ad
1106 453 1188 486 res
1234 436 1555 495 scribendas
1593 451 1822 501 quarum
1855 452 1944 486 ve-

239 522 459 571 ritatem
480 521 676 570 habere
697 520 799 585 ipsi
821 524 1152 584 compertam
1174 518 1503 583 potuimusa,
1526 534 1637 567 sese
1662 517 1942 577 dederunt,

240 603 490 668 legentes,
514 602 649 651 falsa
677 617 773 666 pro
799 600 938 651 veris
962 600 1351 665 amplectend0‚
1380 599 1751 649 circumveniri
1773 615 1836 649 ac
1855 600 1944 648 de-

241 684 346 749 cipi
365 684 420 733 in
437 689 713 749 posterum
738 683 1033 748 contingat,
1053 682 1208 731 nobis
1226 681 1405 731 animo
1422 681 1600 731 visum
1617 686 1697 731 est
1715 682 1945 731 duorum

242 766 569 815 Francorum
614 781 799 830 regum
844 764 1015 814 nostri
1059 764 1145 813 evi
1191 763 1278 813 etb
1319 763 1576 828 temporis
1622 779 1704 813 res
1748 768 1941 828 gestas,

242 864 376 913 quas
411 864 608 913 magna
641 863 707 897 ex
741 852 894 912 parte
925 847 1012 896 vel
1042 846 1143 911 ipsi
1181 846 1431 905 vidimus,
1469 846 1556 895 vel
1589 846 1789 896 talibus
1822 861 1945 895 con-

243 930 412 980 secuti
450 946 634 980 sumus
675 929 999 987 auctoribus,
1047 929 1112 978 de
1147 944 1376 993 quorum
1415 928 1520 977 fide
1553 928 1772 977 minime
1807 928 1944 978 foret

243 1012 640 1076 ambigendum,
674 1011 882 1070 litteris,
923 1011 992 1060 ad
1028 1015 1365 1075 posterorum
1401 1010 1696 1059 utilitatem
1731 1015 1785 1059 et
1823 1026 1944 1060 cau-

242 1095 422 1152 telam,
453 1093 685 1158 digerere
701 1103 720 1123 0
744 1099 798 1142 et
823 1093 1096 1142 mandare.

311 1175 394 1225 Sic
433 1175 591 1234 enim,
631 1176 746 1224 Deo
785 1175 1048 1239 adjutore,
1088 1189 1364 1239 speramus
1398 1190 1466 1223 ex
1506 1178 1690 1223 nostro
1726 1174 1947 1223 litterali

244 1255 354 1304 otio
402 1271 510 1304 non
558 1255 722 1304 nichil
771 1254 1071 1319 legentibus
1121 1259 1175 1303 et
1219 1254 1627 1305 attendentibus
1675 1253 1943 1313 utilitatis,

243 1336 389 1401 quod
421 1352 529 1384 non
562 1335 761 1400 injuste
794 1335 1028 1400 plurium
1040 1334 1066 1364 d
1097 1334 1389 1399 negociosis
1420 1334 1693 1384 laboribus
1723 1334 1949 1384 conferri

243 1419 328 1467 vel
367 1418 536 1467 eciam
574 1417 822 1482 preferrie
861 1417 1029 1482 possit
1077 1418 1333 1466 allaturos
1372 1418 1540 1477 esses⁷
1582 1432 1704 1466 cum
1742 1432 1809 1466 ex
1846 1416 1947 1466 hiis

243 1500 446 1565 liquido
481 1500 767 1565 unicuique
802 1505 986 1564 patere
1020 1498 1205 1564 possit,
1243 1514 1408 1563 quam
1442 1498 1615 1563 fragili
1648 1499 1763 1548 loco
1799 1514 1947 1548 cons—

244 1581 408 1630 titute
447 1581 554 1631 sint
591 1597 673 1630 res
711 1582 944 1630 humane
982 1585 1036 1629 et
1083 1597 1262 1645 quarn,
1304 1580 1359 1629 in
1397 1580 1634 1630 eisdemg
1671 1596 1821 1645 spem
1856 1596 1945 1645 po—

244 1668 447 1722 nentes,
474 1679 528 1713 se
558 1663 768 1713 delusos
791 1668 843 1712 et
868 1679 960 1727 spe
984 1679 1127 1712 vana
1156 1663 1442 1712 frustratos
1468 1662 1621 1712 facile
1647 1662 1943 1711 inveniant.

246 1746 359 1811 Que
385 1762 483 1804 res,
508 1745 551 1795 si
579 1745 709 1810 quid
735 1745 952 1810 sapiunt
977 1745 1234 1803 homines,
1262 1761 1350 1794 eos
1374 1744 1615 1809 profecto
1640 1744 1830 1793 ducere
1859 1744 1944 1793 de—

245 1828 337 1877 bet
364 1828 433 1876 ad
456 1843 606 1892 spem
635 1832 688 1876 et
719 1827 1059 1877 dilectionem
1081 1826 1136 1875 in
1161 1827 1271 1876 solo
1292 1843 1434 1885 vero,
1458 1842 1667 1876 summo
1687 1831 1742 1875 et
1762 1832 1945 1875 eterno

245 1910 387 1959 bono
411 1909 679 1974 figendam
699 1914 752 1958 et
772 1909 1150 1974 reponendam.

316 1991 520 2056 Quibus
564 1991 637 2041 sic
681 1991 964 2056 premissis,
1012 1996 1316 2055 susceptam
1359 1984 1725 2040 narracionem
1769 2006 1947 2055 aggre-

248 2074 468 2123 diemur.

309 2247 347 2273 α.
373 2234 574 2286 Manque
596 2246 648 2273 en
673 2235 725 2274 P.
748 2257 807 2262 ——
832 2235 868 2273 b.
894 2247 946 2274 ac
969 2235 1021 2275 P.
1044 2257 1103 2262 -—
1124 2247 1158 2274 c.
1184 2234 1375 2286 dirigere
1398 2234 1450 2274 P.
1473 2257 1532 2261 ——
1553 2235 1593 2274 d.
1617 2234 1870 2286 plurimum
1892 2234 1944 2272 P.

247 2316 306 2322 —
325 2307 358 2333 e.
381 2294 574 2345 proferri
595 2295 647 2334 P.
669 2317 727 2322 ——
746 2295 776 2343 f.
800 2295 1001 2348 Ivsanque
1021 2308 1073 2334 en
1096 2295 1148 2334 P.
1169 2318 1227 2322 ——
1249 2307 1286 2346 g.
1309 2295 1471 2334 iisdem
1493 2295 1544 2333 P.
