2071 3302
157 208 217 249 28
499 218 572 249 DE
607 217 946 250 SUEssmNUM
982 218 1312 249 DIREPTIONE
1352 206 1514 262 (1414)

157 332 368 382 sionum
392 331 585 382 civitas
609 331 831 396 accepit,
859 347 1000 381 anno
1023 331 1242 381 Domini
1266 331 1320 380 M
1345 331 1509 382 CCCC
1535 331 1749 391 XIV0‘2‚
1775 331 1861 381 die

157 422 468 467 sanctorum
512 414 796 467 martirum
843 417 1069 482 Crispini
1114 421 1168 466 et
1216 416 1533 482 Crispiniani
1547 417 1582 476 1,
1631 433 1861 482 quorum

156 518 381 568 corpora
408 503 484 552 ibi
512 502 567 552 in
597 503 858 567 solempni
887 502 1109 552 cenobio
1139 503 1239 553 sub
1269 518 1331 552 eo
1361 503 1522 552 titulo
1552 507 1861 553 constructo

155 593 210 638 et
247 589 362 638 Deo
401 588 579 638 dicato
617 588 914 653 quiescunt.
956 587 1120 652 Cujus
1156 587 1457 653 siquidemb
1494 588 1648 653 plage
1684 588 1861 653 prodi-

155 674 303 738 gium
332 673 463 724 satis
491 673 840 723 manifestum
861 689 956 738 per
977 689 1145 723 annos
1174 686 1249 722 XL
1280 678 1423 722 retro
1452 678 1777 738 precesserat
1788 684 1808 704 ⁶
1823 673 1858 731 2,

155 760 344 808 eadem
372 759 594 808 civitate
622 764 742 808 tum
769 759 1129 808 maximarum
1157 758 1489 817 diviciarum,
1520 758 1861 809 lasciviarum

156 850 210 894 et
249 845 408 894 luxus
447 844 804 894 exuberancia
843 845 1110 903 affluente,
1153 860 1276 894 cum
1316 845 1385 893 ab
1424 860 1532 894 uno
1575 860 1862 909 puerorum

156 930 410 989 civitatis,
451 931 544 996 qui
579 946 702 980 cum
739 930 854 979 aliis
889 930 991 980 loci
1026 930 1202 995 pueris
1239 946 1270 979 a
1305 930 1561 995 magistro
1598 930 1861 980 scolarum

157 1015 339 1065 solacii
367 1021 420 1065 et
449 1015 772 1066 remissionis
807 1016 986 1080 gracia
1026 1015 1292 1065 adductus
1322 1015 1391 1064 ad
1419 1031 1638 1080 campos
1666 1016 1857 1073 fuerat,

157 1102 346 1151 tabula
370 1102 603 1166 quedam
627 1117 693 1150 ex
716 1101 935 1150 metallo
960 1101 1146 1151 fuisset
1171 1101 1395 1150 inventa
1417 1101 1472 1149 in
1497 1101 1664 1150 fundo
1690 1101 1861 1150 amnis

156 1187 280 1236 illuc
315 1186 658 1244 decurrentis,
696 1186 751 1235 in
786 1203 894 1251 qua
940 1186 1176 1251 antiquis
1219 1187 1588 1235 Romanorum
1622 1187 1860 1235 karacte-

157 1273 304 1322 ribus
337 1289 397 1322 ac
429 1272 622 1322 litteris
654 1273 755 1322 hoc
787 1273 1070 1321 inventum
1103 1272 1207 1321 fuit
1239 1272 1499 1337 scriptum
1535 1288 1543 1320 ς
1581 1292 1601 1317 «
1633 1273 1709 1320 Ve
1742 1271 1858 1330 tibi,

158 1358 383 1417 SuessiO,
419 1358 614 1423 peribis
647 1363 708 1407 ut
741 1358 989 1408 Sodoma.
1025 1377 1045 1403 »
1078 1358 1234 1423 Quod
1266 1363 1396 1407 tunc
1429 1358 1646 1422 quidem
1678 1374 1861 1407 omnes

156 1444 296 1494 illius
325 1444 562 1494 civitatis
591 1444 835 1493 accolas⁰l
864 1444 1122 1493 deterruit
1152 1449 1205 1493 et
1235 1444 1305 1492 ad
1334 1444 1595 1508 agendam
1620 1443 1860 1508 peniten-

156 1530 294 1579 ciam
333 1530 578 1588 induxit;
621 1530 713 1580 sed
750 1530 960 1579 modico
999 1534 1121 1594 post
1160 1535 1417 1594 tempore,
1458 1529 1597 1579 illius
1635 1529 1862 1594 prodigii

157 1616 395 1665 obducta
433 1616 705 1674 memoria,
749 1616 803 1664 in
843 1616 1031 1664 luxum
1071 1619 1124 1664 et
1165 1615 1418 1680 pristinos
1457 1631 1630 1665 mores
1669 1615 1860 1680 relapsi

156 1706 298 1751 sunt.
327 1702 438 1751 Nec
463 1707 647 1751 tamen
673 1702 874 1766 absque
900 1701 1062 1766 digna
1086 1718 1181 1766 pro
1207 1701 1376 1751 tantis
1400 1701 1702 1751 excessibus
1726 1717 1860 1750 mer-

156 1788 298 1846 cede,
334 1792 577 1837 auctores
607 1787 917 1852 hujusmodi
948 1786 1353 1836 immanitatum
1383 1791 1436 1835 et
1468 1786 1861 1851 sacrilegiorum

156 1873 341 1922 divina
369 1873 585 1937 justicia
615 1873 895 1938 dereliquit
917 1888 927 1931 ;
959 1888 1156 1937 magna
1184 1872 1326 1921 enim
1355 1887 1538 1921 eorum
1567 1888 1707 1937 pam,
1738 1888 1860 1921 evo-

156 1960 271 2008 luto
313 1975 470 2017 anno,
514 1959 629 2023 ipso
670 1963 980 2008 sanctorum
1020 1958 1303 2007 martirum
1344 1957 1428 2006 die
1444 1959 1478 2016 3,
1521 1973 1617 2022 pro
1657 1957 1860 2007 meritis

155 2060 320 2109 penas
344 2045 552 2094 debitas
574 2044 819 2103 exsolvit,
845 2049 906 2093 ut
929 2044 1116 2093 statim
1138 2059 1233 2093 suo
1255 2044 1370 2092 loco
1393 2042 1709 2108 oportunius
1730 2043 1860 2092 refe-

154 2146 331 2180 remus
346 2130 381 2180 4.

226 2212 310 2262 Sic
348 2213 531 2277 itaque
570 2228 663 2277 per
700 2228 914 2261 omnem
952 2212 1058 2260 fere
1098 2211 1327 2261 Galliam
1364 2211 1418 2259 in
1453 2210 1860 2275 Burgundiones

156 2298 447 2347 Arminiaci
485 2298 576 2362 (sic
609 2298 766 2356 enim,
803 2302 864 2346 ut
899 2297 1105 2346 dictum
1138 2302 1234 2354 est,
1270 2296 1398 2360 regii
1431 2301 1484 2345 et
1517 2296 1860 2345 Aurelianen-

156 2384 294 2432 sium
332 2384 568 2433 fautores
603 2383 845 2448 parcium
879 2383 1318 2446 nominabantur)
1370 2387 1423 2431 et
1467 2381 1581 2431 vice
1618 2397 1772 2431 versa
1805 2382 1860 2430 in

155 2469 488 2518 Arminiacos
528 2469 936 2533 Burgundiones
979 2484 1129 2517 arma
1172 2468 1446 2525 ferebant;
1492 2467 1692 2531 pariter
1733 2483 1859 2516 vero

155 2554 435 2619 utriusque
475 2554 644 2619 partis
684 2554 944 2618 armigeri,
988 2553 1141 2618 quasi
1181 2569 1247 2602 ex
1286 2552 1533 2602 condicto
1574 2552 1856 2616 conjurati,

155 2639 497 2704 populacioni
543 2655 806 2704 agrorum,
856 2638 1112 2688 incendiis
1157 2638 1406 2687 villarum
1452 2653 1514 2687 ac
1559 2637 1857 2695 domorum,

156 2725 375 2774 cedibus
404 2730 457 2774 et
487 2725 687 2790 rapinis
717 2740 1015 2790 pauperum
1046 2724 1426 2789 agricultorum
1455 2723 1859 2788 vigilantissime

155 2811 526 2861 intendebant.
559 2812 644 2860 Ex
674 2827 781 2875 qua
810 2810 1194 2875 pervagacione
1225 2813 1570 2866 armatorum,
1604 2808 1696 2873 qui
1724 2808 1859 2874 jugi-

218 2966 423 3059 aP1414⁰
453 2962 504 3001 G.
528 2984 587 2988 —
615 2961 652 3001 b.
681 2961 871 3012 quidem
897 2962 949 3000 P.
975 2984 1034 2989 —
1058 2975 1092 3002 c.
1121 2965 1405 3014 processerat
1434 2962 1486 3001 P.
1509 2984 1569 2989 —
1591 2961 1633 3002 d.
1658 2962 1858 3015 Asanque

156 3032 211 3059 en
286 3051 292 3059 .
