2071 3302
210 241 304 273 210
510 240 582 271 DE
618 239 832 290 CQMITIS
868 240 1180 271 ARUNDELLI
1216 239 1415 272 MISERO
1451 241 1617 272 EXITU

276 355 512 420 Contigit
551 355 694 405 enim
732 370 795 404 ea
834 354 1193 419 tempestate1
1229 358 1291 404 ut
1325 354 1533 414 Franci,
1567 354 1660 420 qui
1694 355 1914 406 Belvaci

204 442 375 496 erant,
407 437 547 486 inter
570 436 865 486 Belvacum
893 440 948 485 et
977 435 1325 502 Gornayum2
1353 436 1423 486 ad
1451 437 1726 502 quoddam
1752 442 1912 487 vetus

205 519 501 577 castellum,
530 518 691 583 vulgo
718 517 926 566 dictum
959 517 1205 581 Gerberoy
1219 519 1253 577 3,
1282 519 1642 583 reparandum
1673 524 1727 568 et
1760 519 1912 569 habi-

205 601 435 650 tandum
454 599 753 656 venirenta‚
778 603 839 648 ut
861 599 1053 648 exinde
1073 599 1289 649 liberius
1311 603 1364 649 et
1387 600 1595 650 facilius
1616 601 1911 665 Anglorum

205 681 461 731 terminos
496 681 846 730 incursarent.
884 681 957 729 Et
993 685 1146 729 erant
1182 681 1400 746 quidem
1434 698 1602 746 parvo
1637 698 1859 732 numero
1899 698 1908 732 :

205 763 428 828 equites,
469 762 563 812 ut‘’
615 762 940 821 ferebantur,
981 778 1090 811 non
1135 762 1278 812 ultra
1327 777 1359 811 L
1405 768 1500 812 aut
1543 770 1651 822 LX⁰‚
1703 763 1911 828 pedites

203 861 330 895 vero
361 844 570 894 circiter
600 844 819 894 ducenti
850 849 946 894 aut
978 844 1218 894 trecenti.
1255 844 1495 909 Quorum
1526 845 1785 894 ducatum
1822 862 1910 895 cu-

203 927 397 977 rabant
436 927 542 976 duo
580 925 822 976 strennui
859 927 1186 975 Francorum
1226 926 1418 976 milicie
1456 927 1740 992 capitanei,
1780 943 1909 992 quo-

204 1025 323 1058 rum
344 1009 479 1058 alter
498 1009 577 1058 La
600 1006 782 1067 Hired,
810 1008 946 1057 alter
968 1007 1168 1057 P0t0n4
1190 1009 1580 1073 appellabatur.
1608 1009 1764 1073 Quod
1786 1024 1909 1058 cum

205 1089 532 1153 Rothomagi
554 1093 691 1138 esset
716 1088 1034 1137 nunciatum
1056 1088 1266 1152 prefato
1291 1088 1476 1137 comiti
1497 1089 1789 1147 Arundelli‚
1816 1089 1909 1153 qui

202 1184 326 1218 cum
352 1168 592 1217 exercitu
619 1171 798 1232 petere
828 1166 1187 1216 Caletensium
1215 1167 1471 1216 terminos
1511 1168 1580 1216 ad
1615 1184 1704 1217 eos
1732 1167 1908 1232 oppri-

201 1250 424 1300 mendos
467 1266 520 1300 se
563 1253 945 1314 preparaverat
984 1253 1038 1298 et
1077 1248 1373 1298 exercitum
1403 1249 1716 1314 expeditum
1746 1249 1907 1299 habe-

202 1333 315 1391 bat,
355 1348 539 1382 versus
584 1336 822 1381 castrum
858 1330 990 1380 illud
1027 1331 1092 1379 de
1137 1330 1383 1395 Gerberoy
1419 1347 1542 1381 suos
1585 1347 1792 1396 gressus
1829 1331 1906 1380 di—

200 1415 356 1464 rexit.

270 1496 387 1561 Quo
416 1512 539 1545 cum
567 1496 914 1545 adventasset
941 1511 1066 1544 cum
1098 1495 1474 1544 festinacione&
1503 1511 1626 1544 cum
1653 1495 1905 1560 quadrin-

199 1577 373 1643 gentis
419 1582 514 1628 aut
560 1577 867 1643 quingentis
913 1577 978 1626 de
1023 1577 1414 1626 valencioribus
1460 1577 1732 1642 equitibus
1778 1577 1901 1637 suiS,

199 1660 464 1725 reliquum
489 1675 647 1709 suum
672 1658 967 1708 exercitum
992 1663 1046 1708 et
1072 1659 1197 1708 belli
1222 1664 1546 1724 apparatum
1572 1659 1903 1724 preveniens,

199 1741 474 1807 cogitabat
509 1742 757 1799 Francos,
794 1757 860 1790 ne
894 1757 988 1805 per
1021 1740 1205 1805 fugam
1238 1741 1378 1789 elabi
1410 1745 1644 1806 possent,
1682 1741 1903 1790 circum-

199 1840 412 1889 quaque
437 1823 678 1889 cingeref
702 1827 757 1872 et
781 1822 856 1873 eis
882 1839 1096 1872 omnem
1120 1822 1327 1872 exitum
1352 1822 1589 1872 inhibere
1599 1832 1626 1860 ἐπ’
1632 1865 1642 1882 ,
1670 1822 1771 1872 sibi
1790 1823 1903 1888 pol-

195 1906 374 1956 licitus
396 1921 485 1955 eos
508 1921 691 1955 omnes
713 1904 971 1970 patibulis
993 1909 1047 1953 et
1071 1904 1232 1954 furcis
1255 1904 1479 1969 affigere.
1504 1904 1591 1954 Ad
1613 1904 1759 1970 quod
1786 1920 1902 1970 per-

200 1987 488 2037 ficiendum
524 2002 689 2052 equos
726 1986 945 2036 funibus
982 1991 1036 2036 et
1073 1986 1277 2051 laqueis
1322 1991 1544 2036 onustos
1592 2002 1772 2036 secum
1809 1986 1901 2036 ad-

197 2070 442 2119 duxerat.
470 2068 573 2118 Sed
597 2084 720 2118 cum
743 2068 859 2133 ejus
892 2068 1132 2117 animum
1155 2068 1313 2117 simul
1337 2073 1390 2117 et
1426 2068 1720 2133 periculum
1744 2083 1901 2117 suum

132 2139 136 2144 ’
196 2151 289 2216 qui
330 2150 436 2200 illic
469 2150 725 2200 astabant
758 2150 949 2199 Franci
979 2166 1087 2199 non
1127 2150 1475 2214 ignorassent,
1511 2150 1900 2216 perpendentes

195 2232 426 2298 qualiter
464 2232 663 2282 circum
695 2232 975 2281 castellum
1014 2231 1116 2296 ipsi
1146 2232 1320 2297 Angli,
1356 2231 1506 2297 equis
1545 2232 1653 2282 suis
1685 2231 1900 2282 traditis

194 2314 565 2380 mangonibUS,
614 2314 715 2363 hac
763 2318 926 2378 atque
939 2313 964 2342 ἢ
1012 2314 1133 2362 illac
1148 2320 1161 2348 1'
1207 2314 1479 2364 incaucius
1525 2318 1896 2379 pervagantes,

193 2396 492 2463 improvide
523 2411 635 2446 sese
668 2399 901 2460 agerent,
936 2395 1143 2460 impetu
1174 2395 1354 2445 valido
1387 2410 1509 2445 cum
1541 2395 1812 2460 equitibus
1844 2399 1898 2444 et

194 2477 531 2542 pedestribus
576 2476 742 2542 copiis
787 2493 815 2525 e
853 2476 1080 2541 vestigio
1126 2477 1532 2542 insequentibus
1571 2478 1635 2526 de
1679 2477 1897 2527 castello

193 2559 248 2607 in
285 2559 427 2624 ipsos
463 2558 748 2617 irruerunt,
788 2574 877 2608 eos
914 2574 1036 2608 cum
1074 2558 1249 2607 furore
1286 2575 1480 2624 magno
1519 2560 1766 2608 cedentes
1803 2559 1896 2608 aes

194 2644 607 2705 prosternentes.
640 2639 726 2689 Ad
755 2655 917 2704 quem
948 2640 1245 2688 tumultum
1276 2656 1398 2689 cum
1428 2640 1570 2690 idem
1601 2656 1776 2690 comes
1806 2655 1895 2689 ex-

194 2720 443 2772 territusk
468 2721 523 2770 in
549 2721 838 2786 quemdam
864 2726 1044 2770 ortum
1070 2737 1192 2770 cum
1217 2722 1458 2786 pluribus
1494 2737 1712 2771 suorum
1744 2721 1893 2770 nobi-

191 2803 323 2852 lium
353 2819 407 2853 se
436 2802 735 2867 recepisset,
769 2802 900 2853 cesis
930 2803 1094 2852 ferme
1124 2803 1372 2853 omnibus
1402 2804 1494 2868 qui
1524 2803 1663 2853 circa
1691 2818 1745 2852 se
1770 2802 1892 2852 ade-

252 2969 292 2994 a.
324 2955 505 2995 veniret
533 2956 587 2994 P.
617 2977 677 2982 —
707 2955 745 2994 b.
778 2959 832 2994 ut
860 2968 1048 3007 memque
1077 2968 1131 2994 en
1161 2956 1214 2994 P.
1245 2978 1304 2983 —
1331 2968 1365 2994 c.
1397 2956 1553 2995 lancee
1581 2956 1636 2994 P.
1667 2977 1725 2982 —
1752 2955 1794 2994 d.
1825 2954 1893 2993 La

192 3015 331 3055 Hiere
357 3015 410 3054 P.
437 3037 497 3042 —
519 3027 554 3054 e.
582 3026 690 3053 cum
714 3014 1102 3055 confestinatione
1128 3016 1181 3054 P.
1208 3038 1268 3042 —
1290 3015 1322 3064 s.
1351 3015 1524 3054 circum
1549 3015 1727 3066 cingere
1752 3015 1806 3053 P.
1832 3035 1893 3041 —-
