2071 3302
195 236 255 276 92
381 234 454 265 DE
490 232 717 264 PRAELIO
751 232 896 263 APUD
931 230 1251 262 VERNOLIUM
1291 218 1372 274 (16
1405 228 1531 261 AUG.
1573 217 1712 273 1424)

201 348 372 397 eciam
390 346 658 397 nobilibus
678 344 1020 402 Normannie,
1043 343 1113 392 ad
1131 343 1308 408 ipsum
1327 341 1560 392 Vernolii
1579 341 1755 392 locum
1774 357 1896 391 con-

203 430 312 479 cito
336 429 507 494 gradu
533 428 788 477 audacter
813 429 1176 491 perrexerunt,
1205 428 1266 474 ut
1291 425 1472 474 hostes
1498 439 1621 473 suos
1647 423 1893 482 FranCOS,

199 511 243 561 si
278 514 639 576 expectarent,
679 508 845 573 prelio
881 507 1305 573 aggrederentur.
1345 505 1502 571 Quod
1538 505 1756 570 quidem
1797 504 1898 570 ipsi

200 592 405 652 Franci,
434 592 527 641 sed
550 590 747 640 infelici
769 589 928 639 valde
952 593 1110 648 sorte,
1138 588 1393 637 fecerunt.

266 673 629 724 Accersierata
673 676 804 721 tunc
843 671 1170 720 Francorum
1208 685 1302 718 rex
1341 669 1411 718 ad
1451 668 1706 718 solacium
1741 683 1898 718 suum

204 755 403 805 auxilia
425 770 621 819 magna
644 769 709 803 ex
734 753 922 812 ScotiS,
949 752 1042 817 qui
1075 766 1343 817 pugnaces
1366 750 1584 816 quidem
1606 754 1661 799 et
1692 750 1899 799 robusti

200 838 294 888 sed
315 836 582 887 temerarii
602 836 830 885 nimium
853 851 914 884 ac
938 833 1152 900 superbi
1175 849 1286 883 esse
1311 836 1717 882 consueverunt.
1746 831 1897 881 Fere·

200 919 400 968 bantur
430 934 540 968 esse
575 917 729 983 quasi
761 917 830 966 ad
864 917 1047 966 decem
1080 915 1227 965 milia
1260 919 1637 980 pugnatorum,
1670 928 1898 978 quorum

200 1004 353 1050 erant
378 1000 627 1050 ductores
652 998 970 1065 principales
999 1013 1174 1047 comes
1199 997 1265 1046 de
1292 996 1525 1061 Douglas
1548 1000 1602 1045 et
1629 1011 1804 1045 comes
1833 994 1898 1044 de

199 1082 421 1132 Boukan
435 1082 470 1132 1.
509 1082 595 1131 Ex
629 1080 847 1130 Francis
881 1096 1008 1129 vero
1047 1083 1161 1128 erat
1199 1078 1368 1128 eciam
1402 1077 1588 1126 militis
1624 1076 1898 1127 collecticii

200 1163 494 1213 multitudo
523 1178 734 1228 magna,
765 1162 858 1211 sed
888 1160 1178 1227 plurimum
1206 1159 1407 1224 absque
1433 1158 1713 1223 disciplina
1739 1161 1792 1207 et
1818 1173 1899 1207 or-

200 1245 323 1294 dine
354 1244 590 1304 militari,
625 1243 828 1308 majore
862 1242 1031 1292 eciam
1065 1258 1131 1291 ex
1164 1256 1387 1291 numero
1425 1239 1585 1289 armis
1620 1239 1759 1288 male
1795 1239 1898 1288 ins-

199 1331 394 1376 tructa.

268 1409 439 1457 Erant
475 1409 635 1457 duces
669 1423 855 1456 eorum
889 1407 1000 1456 dux
1034 1404 1359 1463 Alenconii2,
1396 1405 1685 1468 Johannes,
1724 1418 1899 1453 comes

201 1491 266 1539 de
291 1490 431 1539 Alba
455 1490 631 1539 Mala3
655 1494 708 1539 et
746 1489 923 1554 plures
950 1488 1039 1537 alii
1063 1488 1289 1536 barones
1314 1490 1368 1535 et
1394 1485 1661 1551 capitanei
1686 1485 1751 1534 de
1783 1484 1898 1549 ipso

199 1588 361 1637 regno
393 1571 629 1621 Francie.
665 1572 737 1620 Et
771 1571 898 1635 quia
929 1569 1152 1634 Anglici,
1187 1585 1280 1634 per
1312 1584 1434 1617 suos
1467 1566 1771 1632 sagittarios
1803 1582 1899 1631 pu-

198 1659 440 1719 gnantes,
461 1653 698 1718 pedites‘)
719 1653 950 1701 Francos
968 1667 1090 1716 sepe
1117 1654 1535 1716 prostraverant,
1557 1648 1899 1714 providencia

201 1740 389 1784 contra
415 1736 516 1784 hoc
545 1751 638 1800 per
666 1750 906 1799 proceres
935 1733 1081 1798 regni
1111 1732 1351 1782 adhiberi
1379 1731 1582 1780 credita
1610 1735 1706 1789 est,
1739 1730 1782 1779 si
1810 1745 1898 1795 pe-

202 1817 468 1866 destribus
511 1816 675 1881 copiis
719 1815 1118 1881 sagittariorum
1161 1831 1228 1863 ex
1269 1813 1462 1878 Anglia
1505 1816 1900 1877 opponerentur

201 1899 588 1964 quadringente
608 1899 694 1947 vel
714 1898 1002 1963 quingente
1022 1897 1201 1946 lancee
1216 1896 1238 1926 4
1256 1912 1323 1945 ex
1342 1895 1568 1945 Ytalicis
1587 1894 1848 1943 militibus
1860 1894 1896 1952 ⁵,

200 1981 292 2046 qui
317 1981 492 2039 armis,
515 1986 629 2029 tam
650 1980 751 2029 viri
771 1996 936 2045 quam
957 1979 1080 2044 equi
1101 1994 1300 2036 eorum,
1325 1977 1525 2042 optime
1548 1976 1792 2042 protecti,
1818 1992 1898 2025 sa-

200 2063 460 2127 gittarum
498 2062 661 2111 nichil
698 2061 1132 2127 pertimescentes
1170 2060 1323 2119 ictus,
1366 2059 1666 2124 pedestrem
1704 2058 1898 2123 Anglo-

202 2160 321 2194 rum
352 2145 751 2210 sagittariorum
781 2143 1049 2201 miliciam,
1083 2143 1137 2191 in
1168 2158 1276 2207 qua
1306 2141 1579 2206 potissime
1590 2151 1609 2170 ‘¹
1643 2139 1723 2189 sui
1754 2155 1898 2189 exer-

202 2227 340 2276 citus
382 2227 544 2276 robur
587 2231 640 2275 et
683 2226 822 2275 vires
874 2225 1045 2274 solent
1101 2224 1401 2282 consistere,
1447 2223 1800 2287 irrumperent
1844 2226 1898 2270 et

201 2324 385 2357 eorum
421 2308 661 2358 ordinem
697 2308 1088 2373 perturbarent,
1128 2322 1216 2354 eos
1252 2305 1424 2354 contis
1460 2309 1513 2353 et
1549 2303 1744 2353 lanceis
1780 2318 1898 2368 pro-

202 2390 437 2439 terendO.
492 2389 676 2438 Talem
727 2388 910 2453 itaque
963 2387 1160 2437 Ytalici
1212 2386 1396 2436 militis
1447 2401 1668 2435 manum
1720 2399 1899 2434 secum

203 2470 394 2520 Franci
417 2471 547 2520 tunc
569 2471 890 2519 habuerunt.

269 2553 314 2601 E
349 2552 558 2602 diverso
591 2568 718 2601 vero
751 2552 958 2616 Anglici
991 2567 1098 2600 non
1132 2550 1361 2615 segniter
1393 2550 1549 2598 rebus
1583 2549 1689 2598 suis
1723 2547 1898 2613 provi·

260 2721 301 2748 a.
329 2708 588 2748 Accersirat
615 2707 783 2760 corrige'
814 2720 867 2747 en
894 2708 1166 2747 accersierat
1198 2711 1282 2758 par
1314 2706 1515 2750 ῑάιιίειιν,
1545 2705 1656 2743 dans
1689 2705 1741 2745 G.
1767 2727 1826 2732 —-
1859 2704 1896 2744 b.

199 2768 343 2818 Lepon
362 2769 412 2808 de
433 2769 497 2814 P;
519 2768 659 2820 pedes
686 2769 736 2807 G.
757 2790 817 2795 --
834 2780 868 2807 0.
890 2766 1187 2819 potissimum
1206 2767 1260 2806 Ρ.

267 2922 300 2947 1.
327 2909 592 2954 Archibald,
619 2912 771 2948 comte
795 2908 851 2947 de
876 2908 1094 2959 Douglas,
1120 2907 1237 2946 e'tait
1259 2907 1356 2946 l'un
1380 2907 1459 2945 des
1483 2905 1608 2945 chefs
1632 2906 1694 2944 du
1719 2905 1898 2944 contin-

202 2972 312 3019 gent
333 2969 529 3008 e'cossais
552 2972 599 3007 et
623 2969 664 3007 le
686 2967 934 3020 beau-pere
957 2968 1013 3006 de
1037 2967 1162 3019 John
1186 2967 1361 3012 Stuart‚
1382 2968 1534 3004 comte
1556 2965 1613 3004 de
1634 2965 1827 3003 Buchan
1851 2967 1899 3003 et

202 3029 258 3067 dc
280 3028 497 3079 Douglas,
522 3027 706 3067 nomme
728 3027 1002 3067 connetable
1024 3027 1080 3066 de
1102 3026 1275 3065 France
1298 3025 1338 3064 le
1358 3038 1384 3076 4
1406 3024 1522 3064 avril
1547 3035 1672 3075 1423.
