2071 3302
766 375 1182 427 CAPITULUM
1221 375 1276 424 II

490 510 710 575 QUIBUS
747 522 824 558 Ex
863 522 1056 558 CAthls
1095 522 1281 558 ODIUM
1317 522 1559 559 EXARsrr

429 605 601 640 INTER
637 592 974 655 JOHANNEM,
1016 603 1214 639 DUCEM
1247 590 1613 648 BURGUNmE,

592 685 662 722 ET
698 673 1222 722 AURELIANENSIUM
1259 685 1442 721 DUCEs

237 807 397 856 Pater
432 806 548 871 ejus
587 806 820 856 Karolus
856 811 1056 865 sextus,
1095 821 1189 871 per
1225 821 1394 855 annos
1429 805 1687 871 plurimos
1723 808 1872 854 ante-

167 903 332 953 quam
359 888 613 953 migraret
642 904 669 938 e
698 888 890 947 secu10‚
922 904 1015 938 seu
1044 887 1269 952 alicujus
1297 887 1543 937 veneficii
1571 902 1748 953 opera,
1779 902 1873 936 seu

166 969 428 1020 naturalis
450 970 606 1035 lapsu
629 969 1027 1035 complexionis,
1054 969 1109 1018 in
1133 970 1367 1019 furorem
1391 974 1555 1034 atque
1579 967 1873 1018 amentiam

166 1066 351 1102 versus
387 1056 484 1111 est,
518 1051 642 1101 licet
672 1051 851 1101 lucida
881 1051 1104 1100 haberet
1136 1050 1312 1116 sepius
1341 1050 1626 1100 intervana
1640 1050 1675 1101 1.
1708 1049 1874 1114 Cujus

165 1133 447 1183 infortunii
469 1133 744 1183 occasione
766 1133 906 1182 inter
928 1132 1076 1198 regni
1097 1132 1363 1198 principes
1385 1137 1440 1182 et
1462 1131 1711 1197 precipue
1734 1131 1874 1181 inter

166 1215 357 1265 ducem
389 1215 840 1274 Aurelianensem‚
877 1215 1119 1281 ejusdem
1153 1214 1340 1264 Karoli
1371 1214 1507 1280 regis
1539 1229 1868 1279 germanum,

165 1301 220 1347 et
257 1298 563 1362 Johannem
596 1296 1043 1363 Burgundionum
1080 1296 1271 1346 ducem
1287 1296 1321 1355 2,
1361 1296 1561 1346 invidie
1593 1312 1690 1361 pro
1726 1295 1873 1360 regni

166 1379 648 1438 administratione,
679 1380 748 1429 ad
776 1395 941 1445 quam
967 1379 1103 1444 regis
1131 1378 1368 1427 amentia
1395 1394 1518 1427 eum
1543 1377 1790 1428 inutilem
1817 1381 1871 1426 et

165 1460 426 1526 impotem
457 1461 780 1519 reddiderat,
815 1460 1171 1510 emulaciones
1199 1465 1253 1510 et
1285 1459 1655 1509 contentiones
1684 1459 1872 1508 oborte

166 1547 308 1601 sunt,
341 1543 471 1592 dum
499 1542 724 1608 quilibet
753 1559 807 1592 se
837 1542 990 1592 alteri
1017 1542 1072 1591 in
1100 1543 1217 1601 hoe,
1249 1541 1558 1591 ambitionis
1587 1545 1640 1590 et
1669 1540 1872 1590 utilita-

165 1636 284 1674 tum
324 1641 543 1674 suarum
582 1624 775 1690 gracia,
819 1624 1194 1689 preferendum
1234 1640 1345 1674 esse
1386 1623 1734 1681 existimaret,
1777 1623 1870 1671 ha-

165 1707 326 1756 bente
353 1722 678 1772 unoquoque
704 1707 904 1756 multos
932 1711 1282 1756 assectatores
1308 1710 1362 1755 et
1389 1705 1626 1770 partium
1653 1720 1871 1754 suarum

166 1788 449 1839 studiosos,
476 1789 540 1838 In
562 1793 780 1838 tantum
802 1793 986 1838 autem
1006 1788 1210 1837 malum
1231 1788 1363 1837 illud
1383 1787 1629 1845 invaluit,
1654 1791 1708 1836 et
1730 1787 1872 1835 faces

166 1869 274 1919 odii
296 1874 459 1935 atque
480 1869 882 1919 inimicitiarum
904 1870 1036 1919 adeo
1059 1869 1318 1928 accendit,
1343 1874 1404 1918 ut
1426 1873 1734 1933 procuraret
1755 1883 1870 1932 pre·

166 1951 311 2001 fatus
337 1952 627 2015 Johannes‚
653 1952 1098 2017 Burgundionum
1125 1952 1250 2010 dux,
1276 1951 1359 2001 vir
1382 1951 1571 2015 utique
1596 1949 1870 2015 generosia

166 2038 219 2083 et
253 2033 445 2083 excelsi
478 2034 657 2092 animi,
695 2034 901 2083 dictum
933 2033 1395 2083 Aurelianensium
1429 2033 1619 2095 ducem
1651 2032 1706 2081 in
1740 2032 1870 2081 urbe

167 2115 491 2165 Parisiorum
524 2115 774 2174 interimi,
812 2131 935 2164 cum
970 2131 1141 2165 annus
1187 2114 1450 2164 dominice
1488 2114 1660 2179 gracie
1697 2129 1868 2162 curre-

164 2202 246 2246 ret
270 2197 322 2245 M
347 2197 511 2246 CCCC
534 2197 715 2246 VIIUSb
733 2197 767 2247 3.

234 2279 414 2343 Hujus
437 2283 620 2328 autem
638 2278 1072 2343 interempcionis
1091 2284 1144 2327 et
1164 2278 1232 2327 ad
1252 2278 1307 2327 id
1325 2293 1493 2342 usque
1512 2276 1869 2326 immanitatis

165 2360 426 2425 progressi
455 2360 562 2409 odii
591 2361 752 2409 aliam
781 2361 945 2410 etiam
974 2376 1192 2410 causam
1220 2360 1396 2419 fuisse,
1429 2375 1461 2409 a
1488 2359 1615 2408 viris
1643 2358 1866 2424 magnis,

164 2441 387 2506 hujusce
431 2458 607 2491 rerum
650 2442 1006 2492 verisimiliter
1048 2458 1156 2491 non
1200 2442 1411 2507 ignaris,
1458 2442 1622 2490 talem
1666 2439 1866 2505 accepi-

165 2540 285 2573 mus
300 2524 335 2573 4.
1589 2574 1592 2577 ,

235 2605 368 2655 Cum
405 2606 548 2655 enim
585 2607 807 2655 haberet
845 2606 987 2655 idem
1022 2605 1467 2671 Burgundionum
1505 2605 1616 2654 dux
1653 2619 1866 2669 genero-

166 2687 429 2738 sissimam
456 2688 730 2738 dominam
756 2688 811 2737 in
838 2688 1136 2753 conjugem,
1169 2688 1335 2737 filiam
1360 2687 1517 2737 unius
1540 2687 1738 2736 ducum
1760 2686 1864 2735 Ba—

229 2846 268 2871 α.
292 2833 474 2884 gloriosi
496 2834 549 2872 P.
570 2856 629 2860 —
653 2833 688 2872 b.
717 2842 871 2884 1407HS
899 2834 948 2873 G.

235 2964 270 2992 1.
297 2952 383 2991 Les
407 2952 626 3003 premiers
650 2951 779 2991 acces
804 2953 859 2991 de
884 2952 990 2991 solie
1014 2953 1070 2991 de
1094 2951 1279 2991 Charles
1303 2952 1368 2991 VI
1393 2955 1500 2991 sont
1523 2952 1579 2990 de
1607 2962 1732 3001 1392.
1757 2951 1869 2990 Voir
