2071 3302
187 215 277 257 180
500 223 572 254 DE
608 222 754 254 URBE
789 220 1069 252 PARISIACA
1104 220 1340 251 MISERIIS
1376 220 1572 250 PRESSA

187 354 296 403 quo
319 338 657 394 adventarat,
677 343 952 384 remensoa
979 333 1182 391 itinere,
1209 332 1460 382 Calisium
1486 337 1539 381 et
1562 332 1618 380 in
1639 332 1888 397 Angliam

188 420 515 469 reduxerunt
531 418 566 467 1,
664 414 668 415 ⁷

259 499 509 550 Studium
545 502 727 547 autem
761 496 1153 561 permaximum
1187 500 1300 544 erat
1337 495 1553 544 Francis
1586 495 1769 544 venari
1802 511 1886 543 ur-

188 583 311 632 bem
347 582 494 630 illam
529 580 730 644 regiam
767 578 1090 627 Parisiorum
1126 582 1196 636 et,
1236 593 1302 626 ex
1338 577 1589 642 capcione
1626 581 1680 626 et
1716 577 1888 625 muni-

189 664 337 713 cione
362 663 660 712 vicinorum
685 660 966 725 opidorum
990 664 1044 708 et
1069 659 1454 708 fortaliciorum
1489 674 1607 707 earn
1631 658 1686 706 in
1717 663 1887 707 extre-

189 761 334 794 mam
367 743 742 793 necessitatem
777 742 1085 800 adductam,
1123 741 1192 789 ad
1224 740 1526 789 faciendam
1559 739 1889 790 dedicionem

190 827 414 891 adigere.
450 826 536 874 Ad
568 825 714 890 quod
746 840 868 872 cum
900 823 1134 888 plurium
1167 838 1429 871 annorum
1461 822 1686 871 decursu
1717 821 1888 871 inten-

191 909 408 966 dissent,
452 923 624 972 neque
666 905 967 955 obsidiones
1006 920 1178 970 neque
1225 904 1482 953 militares
1531 903 1795 953 exercitus
1834 904 1889 951 in

190 990 378 1040 castris
404 994 664 1047 tenenteS‚
693 988 787 1037 sed
812 1003 878 1036 ex
905 987 1076 1052 opidis
1103 992 1156 1035 et
1184 986 1371 1035 castris
1397 1001 1516 1051 que,
1546 1001 1638 1035 seu
1663 1001 1757 1050 per
1783 989 1889 1034 tra-

191 1072 445 1130 dimenta,
482 1087 575 1120 seu
608 1086 701 1135 per
733 1069 952 1118 insidias
985 1069 1071 1118 et‘)
1106 1073 1396 1117 nocturnas
1430 1083 1491 1116 ac
1526 1067 1756 1116 furtivas
1786 1067 1888 1116 ins—

190 1153 483 1202 calaciones
510 1151 770 1217 acquireri
796 1154 1062 1216 poterant,
1094 1165 1245 1215 agros
1271 1149 1592 1214 populantes
1619 1153 1672 1197 et
1699 1148 1890 1198 itinera

191 1235 427 1300 undique
456 1233 795 1291 obsidientes‚
825 1248 918 1297 per
944 1247 1047 1297 que
1075 1247 1288 1280 annona
1315 1231 1385 1280 ad
1410 1231 1677 1296 prefatam
1703 1231 1889 1280 urbem

192 1317 386 1366 advehi
418 1316 697 1381 potuisset,
734 1315 905 1379 ipsam
939 1314 1008 1363 ad
1039 1329 1291 1378 magnam
1323 1328 1499 1362 rerum
1531 1312 1770 1361 omnium
1802 1328 1888 1376 pe-

191 1399 402 1448 nuriam
439 1403 491 1447 et
531 1397 802 1447 caristiam
839 1396 1220 1461 perduxerunt,
1261 1395 1339 1443 ita
1376 1399 1437 1443 ut
1475 1394 1617 1444 cives
1654 1393 1891 1459 preciosa

191 1496 400 1546 queque
430 1478 808 1545 superlectilis⁶
838 1493 934 1543 pro
972 1492 1125 1542 pane,
1157 1480 1472 1542 perurgente
1510 1476 1667 1535 fame,
1700 1475 1888 1525 distra-

191 1564 312 1611 here
347 1566 673 1627 cogerentur.
712 1561 833 1609 Non
868 1559 1009 1608 enim
1044 1575 1136 1624 per
1170 1559 1345 1623 plures
1380 1557 1583 1607 annosd
1621 1573 1890 1607 annonam

191 1645 482 1702 habebant,
511 1643 612 1692 nisi
639 1658 741 1708 que
768 1658 835 1690 ex
855 1641 1186 1690 Normannia
1217 1640 1290 1690 eis
1325 1641 1678 1689 adduceretur
1709 1643 1762 1688 et
1790 1639 1888 1688 fre-

193 1726 447 1790 quencius
475 1724 689 1789 navigio
717 1739 810 1789 per
841 1724 1039 1772 flumen
1073 1722 1235 1787 (quod
1262 1737 1358 1770 nec
1390 1720 1502 1770 fieri
1529 1726 1758 1786 poterat,
1789 1719 1890 1769 nisi

192 1824 314 1858 cum
340 1823 536 1872 magna
562 1810 738 1855 scorta
764 1810 847 1853 ete
874 1809 1204 1853 armatorum
1229 1802 1593 1868 multitudine)
1632 1803 1888 1852 conduce-

190 1891 390 1939 retur-f.
440 1889 552 1954 Que
597 1887 837 1952 impensa
881 1886 1142 1935 conducte
1188 1900 1457 1933 annonam
1501 1884 1672 1948 ipsam
1718 1884 1890 1933 multo

193 1973 448 2021 cariorem
482 1970 760 2019 efficiebat.
801 1967 1156 2032 Contingebat
1191 1967 1359 2015 eciam
1394 1966 1663 2014 interdum
1697 1971 1774 2023 ut,
1812 1965 1887 2014 in-

193 2053 531 2103 cursantibus
573 2057 625 2099 et
669 2050 1046 2108 insidiantibus
1089 2049 1320 2106 Francis,
1366 2048 1620 2113 quicquid
1662 2047 1887 2096 advehe-

192 2137 353 2186 batur
397 2138 688 2198 raperetur,
736 2130 1120 2180 mercatoribus
1164 2135 1217 2178 et
1262 2129 1674 2178 conductoribus
1718 2129 1889 2194 captis

194 2233 286 2267 seu
319 2215 626 2282 peremptis,
667 2215 798 2262 Inde
834 2218 1017 2262 autem
1052 2216 1396 2261 consecutum
1430 2216 1509 2260 est
1545 2216 1605 2260 ut
1640 2211 1766 2260 urbs
1800 2210 1889 2259 illa

194 2299 336 2364 regia
348 2308 390 2357 22',
434 2296 671 2346 maxima
710 2295 1030 2361 populorum
1070 2293 1373 2358 frequencia
1413 2309 1473 2341 ac
1506 2292 1888 2341 numerositate

194 2381 351 2430 solita
387 2395 496 2429 esse
534 2379 746 2435 referta,
787 2376 966 2442 inopia
1003 2381 1055 2424 et
1093 2375 1254 2424 variis
1291 2374 1689 2424 calamitatibus
1726 2379 1888 2439 atque

194 2461 529 2528 pestilenciis,
572 2459 778 2508 civibus
818 2458 1016 2523 partim
1056 2457 1369 2521 absumptis,
1413 2456 1610 2521 partim
1650 2472 1887 2520 quaqua-

194 2559 407 2593 versum
421 2543 445 2572 ‘l
477 2541 656 2590 effusis
687 2546 849 2605 atque
880 2539 1142 2604 dispersis,
1171 2538 1566 2587 habitatoribus
1590 2538 1794 2602 majore
1822 2553 1888 2586 ex

195 2631 346 2692 parte
381 2628 701 2674 vacuaretur
735 2628 787 2670 et
821 2622 1130 2678 nudaretur,
1167 2620 1245 2669 ita
1278 2625 1338 2669 ut
1384 2620 1498 2684 ejus
1531 2620 1721 2684 platee,
1757 2619 1888 2668 raris

194 2724 282 2757 eas
319 2705 666 2762 calcantibUS,
706 2704 1016 2768 plerumque
1053 2702 1228 2751 herbis
1264 2706 1317 2750 et
1353 2701 1680 2765 graminibus
1716 2700 1885 2749 viren-

259 2882 298 2907 a.
327 2868 384 2908 Ce
409 2870 494 2906 mot
517 2867 629 2905 dans
652 2865 935 2916 l’interlz'gne,
959 2866 1007 2904 de
1027 2864 1071 2904 la
1090 2864 1215 2904 main
1235 2865 1284 2903 de
1302 2864 1504 2909 l'auteur,
1527 2877 1581 2903 en
1607 2865 1642 2904 G
1662 2877 1669 2911 ;
1691 2866 1886 2904 remensi

195 2930 248 2968 P.
264 2951 322 2955 —
339 2927 375 2966 b.
401 2930 483 2966 aut
504 2926 557 2965 P.
579 2937 684 2964 —c.
708 2924 1035 2976 suppellectilis
1057 2924 1110 2963 P.
1132 2946 1191 2951 —
1209 2925 1249 2963 d.
1271 2923 1328 2963 Ce
1350 2927 1437 2963 mot
1453 2925 1565 2963 dans
1585 2924 1630 2963 la
1651 2936 1813 2976 marge,
1835 2924 1886 2963 de
