2071 3302
187 217 246 272 84
294 225 557 269 QUOMODO
593 224 749 256 REGIS
783 224 975 256 NOMEN
1012 223 1257 256 KAROLUS
1291 224 1586 256 ACCEPERIT
1625 213 1787 269 (1422)

190 339 543 390 necessarium
575 339 734 407 fuerit
771 337 1004 386 radicem
1037 342 1200 402 atque
1232 337 1486 402 originem
1519 337 1755 387 civilium
1787 338 1889 387 dis-

191 422 507 480 cordiarum,
553 421 694 470 unde
738 424 853 468 tam
897 420 966 468 ad
1007 419 1147 468 bella
1189 418 1366 468 civilia
1410 424 1573 484 atque
1615 419 1886 478 intestina,

191 520 355 569 quam
390 507 611 552 externa
646 506 700 550 et
735 500 952 550 hostilia
987 505 1306 565 perventum
1342 505 1438 559 est,
1477 505 1729 559 retexere,
1766 501 1889 550 inde

191 602 298 635 non
329 583 769 633 irracionabiliter
800 582 1123 630 extimamus
1154 587 1333 631 nostre
1365 582 1536 631 tocius
1565 582 1890 631 narracionis

191 667 409 716 inicium
443 670 607 730 atque
642 665 1056 713 fundamentum
1090 663 1288 727 jecisse.
1326 663 1468 712 Nam
1502 668 1555 712 et
1589 664 1890 728 perempcio

191 749 340 798 ducis
371 745 849 804 Aurelianensium,
884 761 988 810 que
1021 749 1184 809 caput
1217 749 1271 793 et
1304 745 1448 810 origo
1481 745 1721 795 omnium
1753 746 1888 795 cala-

190 830 446 880 mitatum
467 829 521 877 in
542 844 703 893 regno
724 827 923 885 extitit,
949 827 1029 876 sui
1051 827 1307 892 temporis
1328 826 1448 886 fuit,
1472 832 1525 876 et
1547 843 1609 876 eo
1629 827 1741 892 jam
1760 832 1891 876 nato

191 917 280 961 eta
303 912 422 977 plus
441 926 606 976 quam
627 909 886 974 septenni,
910 913 1062 973 patre
1082 909 1251 958 eciam
1270 924 1364 958 suo
1383 908 1495 973 jam
1513 913 1693 957 mente
1711 913 1887 973 capto,

191 993 431 1058 contigit.

260 1076 472 1124 Mortuo
506 1074 705 1138 itaque,
741 1077 802 1121 ut
838 1072 1104 1137 superiore
1138 1072 1417 1121 retulimus
1448 1072 1599 1130 libro,
1638 1072 1887 1130 Karolo⁰‚

190 1162 343 1222 patre
377 1172 488 1214 su0‚
528 1155 758 1204 Karolus
793 1153 1051 1218 septimus
1084 1153 1139 1201 in
1176 1169 1398 1218 regnum
1423 1154 1749 1202 Francorum
1777 1170 1890 1202 suc-

191 1238 362 1297 cessit,
392 1253 531 1287 anno
556 1236 774 1285 Domini
798 1236 878 1284 M0
901 1235 1090 1284 CCCCO
1113 1235 1326 1294 XX110‚
1356 1250 1478 1284 cum
1504 1251 1706 1284 annum
1730 1235 1891 1284 etatis

191 1325 369 1385 ageret
414 1318 620 1368 circiter
664 1318 855 1375 XX111;
896 1317 1042 1382 quod
1087 1316 1194 1366 suis
1232 1317 1577 1381 temporibus,
1618 1321 1737 1365 tum
1776 1316 1889 1365 diu-

191 1402 362 1451 turnis
397 1399 744 1450 causantibus
777 1399 977 1464 guerris
1011 1403 1064 1447 et
1098 1398 1366 1448 intestinis
1399 1403 1453 1447 et
1487 1398 1734 1456 externiS,
1772 1402 1891 1447 tum

191 1483 492 1549 regencium
520 1487 604 1530 et⁶¹
635 1482 848 1540 ducum,
881 1480 973 1545 qui
1001 1481 1100 1529 sub
1130 1479 1230 1528 eod
1258 1484 1426 1538 erant,
1458 1480 1698 1529 socordia
1727 1484 1890 1545 atque

191 1565 420 1630 ignavia,
446 1569 563 1612 tum
585 1563 754 1612 eciam
779 1562 1026 1611 militaris
1048 1561 1321 1626 discipline
1346 1567 1399 1610 et
1428 1561 1626 1611 ordinis
1650 1562 1891 1610 carencia

191 1651 245 1696 et
282 1650 610 1696 armatorum
645 1644 943 1709 rapacitate
979 1648 1142 1708 atque
1178 1643 1487 1692 omnimoda
1521 1643 1887 1701 dissolucione,

193 1730 262 1778 ad
328 1732 541 1777 tantam
575 1726 940 1775 vastacionem
974 1725 1234 1791 pervenit,
1273 1730 1334 1774 ut
1371 1741 1402 1774 a
1439 1725 1656 1774 flumine
1692 1724 1890 1789 Ligeris

191 1818 387 1875 usque&
430 1810 688 1859 Secanam
723 1812 776 1856 et
823 1808 945 1856 inde
994 1823 1161 1872 usque
1208 1808 1277 1856 ad
1327 1807 1551 1856 fluvium
1584 1807 1886 1864 Summone,

191 1891 417 1941 mortuis
446 1892 532 1939 vel
564 1889 862 1954 profligatis
894 1888 1108 1946 colonis,
1143 1904 1325 1937 omnes
1357 1888 1468 1953 agri
1498 1889 1662 1937 ferme
1693 1893 1746 1936 et
1779 1888 1889 1937 sine

191 1975 401 2023 cultura
424 1978 476 2021 et
499 1972 609 2022 sine
633 1971 843 2036 populis
867 1987 899 2019 a
919 1971 1112 2035 quibus
1137 1971 1237 2019 coli
1260 1971 1575 2035 potuissent,
1604 1986 1696 2035 per
1723 1986 1890 2019 annos

191 2056 446 2120 plurimos
482 2055 745 2118 longaque
780 2058 1024 2117 tempora
1060 2052 1478 2117 permanserint;
1516 2052 1699 2116 paucis
1738 2052 1888 2100 durn-

191 2142 346 2186 taxat
379 2135 730 2201 portiunculis
763 2139 899 2183 terre
932 2134 1183 2198 exceptis,
1218 2134 1272 2182 in
1301 2133 1510 2198 quibus,
1547 2133 1590 2182 si
1615 2133 1745 2198 quid
1771 2137 1889 2182 tum

191 2219 466 2268 colebatur
487 2217 671 2282 procul
692 2232 723 2265 a
742 2216 1069 2274 civitatibus,
1097 2215 1268 2280 opidis
1290 2216 1376 2264 vel
1400 2215 1644 2273 castellis,
1672 2219 1890 2279 propter

191 2301 487 2365 predonum
507 2299 746 2348 assiduas
765 2297 1103 2355 incursiones,
1126 2297 1342 2345 extendi
1360 2313 1467 2345 non
1486 2301 1713 2361 poterat.

261 2381 483 2430 Inferior
522 2385 702 2429 tamen
741 2379 1072 2428 Normannia
1110 2379 1164 2427 in
1200 2378 1498 2428 Baiocismo
1537 2383 1590 2427 et
1629 2378 1885 2428 Constan-

192 2464 321 2521 tino,
343 2479 404 2511 eo
418 2461 568 2527 'quod
579 2464 623 2520 f,
645 2462 744 2510 sub
758 2462 1051 2525 Anglorum
1066 2460 1270 2509 dicione
1290 2460 1596 2518 consistens,
1614 2460 1682 2509 ab
1702 2460 1886 2509 adver-

192 2545 430 2594 sancium
462 2543 854 2592 municionibus
893 2542 1099 2607 longius
1133 2543 1317 2591 aberat
1350 2557 1446 2590 nec
1486 2546 1600 2590 tarn
1641 2541 1792 2590 facile
1826 2557 1887 2590 ac

191 2628 495 2691 frequenter
520 2641 551 2674 a
576 2624 900 2689 predonibus
926 2623 1181 2673 incursari
1206 2628 1433 2688 poterat,
1463 2628 1516 2671 et
1543 2623 1689 2671 culta
1712 2627 1766 2671 et
1791 2638 1883 2687 po—

189 2709 376 2773 pulosa
422 2707 698 2771 aliquanto
743 2705 930 2755 melius
976 2705 1290 2770 permansit,
1338 2705 1460 2753 licet
1507 2704 1674 2753 eciam
1719 2703 1888 2769 plagis

189 2790 436 2838 maximis
455 2804 576 2853 sepe
596 2787 801 2846 attrita,
823 2792 884 2836 ut
909 2787 962 2835 in
982 2787 1326 2852 sequentibus
1344 2786 1535 2835 clarius
1554 2785 1832 2850 apparebit
1848 2785 1882 2834 2.

249 2947 288 2973 a.
312 2934 512 2986 Manque
532 2945 586 2971 en
607 2932 659 2971 P.
680 2954 738 2959 —
762 2931 798 2970 b.
821 2935 954 2971 sexto
974 2932 1026 2970 P.
1042 2944 1148 2971 -ε,
1166 2943 1219 2970 ac
1234 2932 1286 2970 P.
1302 2953 1360 2958 --
1374 2931 1416 2970 d.
1432 2929 1532 2982 ipso
1547 2930 1599 2969 P.
1615 2942 1720 2970 —e.
1740 2941 1886 2981 usque

188 2994 247 3033 ad
266 2994 318 3033 P.
336 3015 395 3020 --
409 2993 441 3042 s.
461 3003 606 3043 eoque
623 2991 675 3030 P.
