2071 3302
189 247 283 297 296
621 255 847 302 UXOREM
885 255 993 286 REX
1027 255 1264 286 ANGLIAE
1300 255 1463 286 DUCIT

188 370 503 418 deducenda
541 369 596 417 in
629 369 878 433 Angliam
918 385 1040 418 cum
1073 369 1401 418 ornamentis
1433 374 1487 418 et
1528 369 1895 434 paranimphis

189 455 404 500 tantam
428 455 481 499 et
507 455 663 499 tanto
687 455 917 514 nuptam
941 450 1168 515 principi
1192 450 1624 500 condecentibus.

258 532 381 581 Non
409 537 591 581 tamen
619 531 806 581 statim
833 532 887 580 in
915 532 1164 596 Angliam
1191 532 1356 581 ducta
1382 532 1485 581 fuit
1513 548 1636 581 cum
1662 532 1895 596 primum

189 622 374 679 treuge
405 614 546 663 facte
578 614 812 671 fuerunt,
846 613 940 662 sed
970 618 1261 678 postquam
1290 613 1344 662 in
1375 613 1624 678 Angliam
1654 629 1896 663 reversus

190 695 366 744 dictus
391 695 502 743 dux
527 694 790 753 Suffolcie‚
818 694 1014 743 iterum
1038 699 1092 743 et
1117 694 1349 743 secundo
1375 695 1444 743 ad
1466 711 1644 759 regem
1667 695 1895 744 Franco-

187 792 309 825 rum
320 790 344 810 α
377 781 457 825 est
488 792 746 833 reversus,
782 776 1022 825 deferens
1052 791 1233 825 secum
1263 775 1666 825 ratihabicionis
1688 776 1896 827 litteras

188 858 324 922 regis
350 863 403 906 et
431 874 711 922 procerum
737 858 940 922 Anglie.
971 858 1089 906 Hac
1115 857 1257 906 enim
1282 857 1397 906 vice
1424 857 1658 907 secunda
1682 874 1749 906 ex
1774 858 1896 908 Gal-

187 940 260 988 lia
282 939 337 987 in
360 939 610 1004 Angliam
634 939 910 1003 repedans,
939 940 1297 1004 Margaretam
1320 939 1635 1004 predictam,
1662 955 1757 989 suo
1782 940 1896 990 des-

190 1026 478 1086 ponsatam
521 1021 645 1086 regi,
698 1037 791 1085 per
843 1020 1266 1070 Normanniam1
1315 1021 1385 1069 ad
1433 1021 1894 1070 Honnefieutumb

189 1118 374 1167 usque,
420 1103 753 1151 maritimum
796 1102 1091 1160 castellum,
1138 1102 1383 1151 adduxit.
1428 1102 1585 1151 Unde
1628 1107 1743 1151 tam
1785 1102 1897 1167 ipse

190 1199 355 1248 quam
395 1184 557 1233 ceteri
597 1184 892 1248 Anglorum
933 1199 1189 1248 proceres,
1234 1183 1532 1232 conscensis
1571 1183 1803 1233 navibus
1843 1190 1897 1232 et

191 1281 389 1314 oceano
425 1281 655 1324 emenso,
694 1266 868 1329 ipsam
904 1266 1263 1329 Margaretam
1299 1270 1448 1314 trans
1484 1265 1682 1314 fretum
1718 1281 1898 1315 secum

190 1347 534 1405 advehentes,
566 1347 621 1395 in
651 1347 872 1395 domum
892 1346 1074 1396 mariti
1094 1363 1212 1395 eam
1235 1346 1564 1395 collocarunt
1580 1346 1615 1396 2.
1639 1347 1747 1396 Ubi
1775 1363 1898 1396 cum

187 1427 393 1493 ingenti
434 1428 732 1478 festivitate
775 1434 828 1477 et
869 1428 1047 1477 leticia
1088 1428 1261 1477 tocius
1301 1428 1464 1492 regni,
1508 1428 1715 1477 cunctis
1754 1428 1897 1493 regio

188 1510 321 1559 luxu
348 1515 401 1559 et
429 1510 575 1560 fastu
603 1510 878 1575 adparatis
905 1515 1069 1575 atque
1097 1510 1369 1575 dispositis
1407 1527 1510 1575 que
1545 1511 1615 1559 ad
1640 1510 1696 1559 id
1720 1526 1897 1560 neces-

190 1592 330 1641 saria
378 1608 470 1641 seu
519 1596 786 1657 oportuna
834 1593 1186 1657 putabantur,
1238 1592 1556 1657 nupciarum
1604 1592 1899 1657 solempnia

190 1678 566 1722 consummata
607 1673 860 1722 fuerunt3
910 1673 1120 1737 fuitque
1175 1673 1291 1737 ipsa
1333 1673 1387 1721 in
1429 1673 1667 1737 reginam
1709 1673 1896 1738 Anglie

189 1754 414 1803 inuncta
439 1755 784 1819 solempniter
809 1760 863 1803 et
889 1755 1188 1804 benedicta.

260 1836 356 1885 Cui
384 1837 625 1901 profecto
655 1836 698 1885 si
726 1852 789 1885 ea
817 1836 1044 1885 felicitas
1073 1840 1126 1884 et
1155 1835 1534 1884 benevolencia
1574 1851 1678 1899 que
1713 1834 1768 1883 in
1795 1834 1897 1884 hiis

189 1917 360 1967 iniciis
389 1918 489 1967 sibi
517 1923 731 1967 ostensa
770 1918 873 1967 fuit
909 1918 963 1966 in
995 1918 1156 1966 finem
1184 1933 1352 1981 usque
1380 1917 1736 1981 perdurasset,
1767 1916 1898 1966 satis

189 1999 318 2049 felix
350 1999 510 2049 fuisse
544 2000 648 2049 dici
680 1999 959 2064 potuisset.
996 2000 1098 2049 Sed
1129 1999 1291 2048 heus!
1327 2004 1388 2048 ut
1422 1999 1655 2063 tragicus
1687 1998 1895 2056 cecinit,

189 2080 431 2145 profecto
1497 2085 1501 2086 ⁷

513 2193 669 2237 Nulla
690 2207 791 2237 sors
813 2194 958 2250 longa
978 2197 1046 2236 est
1070 2207 1084 2235 .·
1104 2193 1236 2236 dolor
1256 2197 1299 2236 et
1317 2193 1539 2249 voluptas

514 2264 731 2308 Invicem
752 2265 936 2314 cedunt,
964 2264 1148 2307 brevior
1166 2264 1387 2320 voluptas
1403 2263 1436 2305 4.

190 2368 263 2416 Et
284 2367 415 2417 item

441 2475 445 2482 ’
515 2481 705 2524 Rarum
726 2484 794 2524 est
814 2480 932 2535 felix
954 2480 1170 2536 idemque
1193 2493 1336 2522 senex
1350 2479 1380 2530 ⁵,

190 2605 384 2669 inquit.
403 2605 578 2669 Quam
592 2616 612 2636 ⁶
633 2606 846 2654 enimin
869 2605 1072 2654 lubrico
1092 2610 1146 2654 et
1170 2604 1343 2669 fragili
1365 2604 1542 2669 posita
1559 2604 1628 2654 sit
1651 2604 1894 2662 felicitaS‚

189 2702 294 2751 que
330 2687 384 2735 in
420 2687 574 2737 claris
609 2692 662 2736 et
698 2687 993 2737 illustribus
1029 2687 1277 2736 domibus
1313 2686 1381 2735 ab
1416 2685 1699 2750 insipiente
1734 2685 1895 2750 vulgo

189 2783 302 2817 esse
338 2773 579 2832 putatur,
617 2769 925 2834 quamque‘ll
959 2768 1144 2818 multis
1179 2767 1628 2817 amaritudinibus
1662 2768 1896 2816 humane

252 2914 293 2941 α.
321 2902 512 3000 Ρῗιῐιοίε
537 2905 590 2943 Ρ.
617 2927 676 2932 -—
702 2904 739 2943 b.
769 2904 1097 2944 Horefleutum
1120 2905 1173 2943 P.
1199 2926 1258 2931 ——
1281 2915 1315 2943 c.
1343 2902 1479 2954 Quod
1503 2902 1557 2941 P.
1582 2923 1642 2930 -—
1664 2902 1706 2941 d.
1732 2912 1895 2953 quam-

190 2972 336 3012 quam
404 2994 410 3001 .
