2071 3302
214 175 308 216 216
416 185 678 227 QUOMODO
715 186 1050 219 CALETENSES
1086 188 1144 219 IN
1179 188 1386 221 ANGLOS
1422 189 1719 222 IRRUERINT

211 298 340 363 ipsis
378 299 595 349 Francis
625 288 912 351 vexaretur
941 306 996 351 et
1034 302 1103 351 ab
1132 302 1374 367 utrisque
1411 319 1659 368 agrorum
1688 305 1919 356 cultores

212 377 298 426 vel
331 377 485 428 bonis
530 378 888 444 spoliarentur
921 380 1007 430 vel
1048 380 1213 430 etiam
1247 381 1301 431 in
1336 382 1715 447 captivitatem
1749 383 1917 434 abdu-

209 464 458 509 cerentur
483 461 789 526 populoque
823 461 899 510 illi
925 461 1152 527 simplici
1178 467 1233 512 et
1271 463 1544 513 innocenti
1568 465 1916 515 suaderetura

211 556 244 589 a
270 541 487 591 Francis
515 547 799 607 quatenUS‚
833 542 877 593 si
913 544 1070 594 rebus
1103 544 1212 594 suis
1244 545 1565 604 consulere‘2‚
1596 562 1750 596 suam
1778 547 1918 597 tueri

208 622 517 672 libertatem
542 628 596 672 et
622 623 723 674 sibi
748 623 876 689 ipsis
902 640 1059 690 opem
1085 625 1219 675 ferre
1244 627 1460 686 vellent,
1490 632 1818 692 oportunum
1843 628 1917 678 eis

209 704 400 754 afforet
435 709 649 770 tempus
683 721 790 770 quo
824 722 935 756 sese
969 711 1023 756 et
1057 707 1292 772 patriam
1326 709 1394 757 ab
1427 709 1722 774 Anglorum
1755 710 1916 760 servi-

209 789 329 834 tute
368 790 422 834 et
463 786 746 837 dominatu
785 803 977 838 exuere
1017 794 1235 853 possent
1282 794 1336 839 et
1377 790 1447 839 ad
1485 791 1730 840 naturale
1780 791 1917 857 regis

209 867 538 917 Francorum
567 869 865 919 dominium
895 870 1284 936 antiquamque
1312 872 1620 921 libertatem
1647 873 1913 932 reducere,

209 949 518 999 auctoribus
561 950 886 1015 quibusdam
928 956 1065 1001 terre
1108 953 1316 1012 accolis,
1362 970 1590 1018 quorum
1632 955 1916 1020 precipuus

209 1030 538 1080 Carrucarii‘¹
583 1047 877 1097 cognomen
933 1034 1170 1083 habebat
1228 1035 1407 1100 (vulgo
1454 1035 1786 1101 Charuyer)1‚
1834 1041 1915 1087 to-

207 1115 327 1160 turn
358 1113 619 1177 populum
650 1118 788 1162 terre
821 1114 1077 1164 adversus
1107 1115 1372 1179 AngliCOS‚
1408 1131 1541 1180 quos
1573 1116 1727 1180 quasi
1756 1121 1914 1167 natu-

206 1193 389 1242 raliter
421 1209 609 1244 exosos
642 1195 933 1254 habebant,
969 1195 1238 1261 insurgere
1271 1201 1325 1245 et
1359 1213 1510 1246 arma
1541 1202 1747 1247 vertere
1780 1198 1914 1247 fece-

206 1279 350 1324 runt.
391 1275 495 1340 Qui
529 1275 670 1325 infra
705 1292 904 1341 paucos
941 1277 1052 1327 dies
1089 1294 1155 1326 ex
1191 1278 1440 1328 omnibus
1476 1279 1648 1344 patrie
1685 1279 1824 1329 villis
1859 1284 1915 1329 et

205 1356 354 1415 vicis,
391 1357 531 1407 circa
565 1359 704 1408 festa
738 1359 1001 1408 dominice
1035 1360 1358 1419 nativitatis,
1396 1360 1451 1409 in
1485 1377 1653 1410 unum
1687 1361 1911 1420 collecti,

207 1454 329 1488 curn
363 1439 544 1504 aliqua
576 1456 742 1489 manu
775 1440 967 1490 milicie
1001 1441 1140 1506 regie
1174 1442 1456 1492 tendentes
1490 1443 1560 1491 ad
1593 1443 1814 1508 opidum
1848 1443 1914 1492 de

207 1520 264 1569 H
265 1520 456 1581 arefieu
478 1522 915 1581 munitissimum,
943 1522 996 1571 in
1021 1540 1128 1588 quo
1152 1523 1311 1588 pauci
1340 1529 1517 1588 preter
1539 1525 1739 1589 Anglos
1762 1525 1913 1574 habi-

206 1602 357 1651 tared
378 1608 531 1652 erant
553 1603 810 1668 permissi,
830 1604 1007 1669 ipsum
1028 1605 1236 1670 impetu
1255 1606 1620 1656 multitudinis
1640 1623 1911 1672 expugna-

205 1688 325 1733 tum
363 1691 693 1750 receperunt,
736 1686 867 1736 cesis
906 1687 1156 1751 Anglicis‚
1199 1692 1252 1736 et
1292 1687 1427 1752 regis
1467 1688 1795 1738 Francorum
1835 1689 1910 1738 di-

205 1766 344 1815 cioni
376 1767 740 1823 reddiderunt.
773 1767 929 1832 Quod
957 1773 1010 1817 et
1045 1768 1288 1818 similiter
1320 1770 1384 1818 de
1414 1769 1574 1834 opido
1602 1770 1912 1820 Monasterii

203 1848 396 1898 Vilaris
413 1848 433 1878 2
451 1854 505 1898 et
526 1849 591 1898 de
612 1849 854 1914 pluribus
875 1851 1105 1900 castellis
1125 1856 1178 1900 et
1200 1851 1437 1901 turribus
1458 1852 1630 1916 patrie
1650 1852 1907 1911 fecerunt,

204 1946 308 1994 que
337 1947 390 1979 se
416 1935 534 1980 tum
562 1932 746 1996 pocius
768 1948 933 1996 quam
958 1933 1254 1997 expugnari
1280 1933 1604 1983 sustinerent
1627 1934 1909 1983 voluntate

203 2011 289 2060 vel
311 2012 666 2076 periculorum
688 2013 970 2062 formidine
993 2014 1329 2063 dediderunt.

273 2093 605 2144 Estimantes
648 2100 831 2144 autern
873 2096 1062 2144 eadem
1104 2095 1364 2145 facilitate
1407 2112 1461 2145 se
1504 2101 1557 2145 et
1601 2096 1705 2145 alia
1748 2097 1909 2162 opida

203 2174 375 2238 patrie
408 2181 730 2240 recepturos,
766 2192 923 2241 opem
955 2177 1249 2226 ferentibus
1281 2177 1530 2242 patriotis
1561 2178 1799 2227 locorum
1830 2177 1908 2226 in-

203 2255 331 2305 colis
357 2256 450 2321 qui
476 2273 584 2306 non
611 2257 921 2307 dissimilem
948 2259 1203 2308 affectum
1231 2259 1300 2307 ad
1325 2260 1525 2324 Anglos
1551 2260 1823 2324 gerebant,
1853 2264 1908 2309 et

203 2344 590 2404 consequenter
619 2340 688 2388 ad
721 2341 1122 2405 Rothomagum
1152 2341 1492 2405 metropolim
1523 2341 1785 2399 accedere,
1818 2357 1907 2406 pe-

203 2419 408 2469 cierunt
457 2420 690 2485 primum
738 2422 1018 2471 castellum
1067 2423 1212 2487 quod
1260 2423 1694 2481 Calletibectum‚
1745 2423 1906 2488 vulgo

206 2500 464 2551 Caudebec
479 2502 513 2560 3,
539 2508 913 2567 nuncupatum
945 2509 1072 2553 este.
1100 2503 1256 2568 Quod
1287 2520 1410 2553 cum
1441 2504 1750 2565 introissent
1775 2520 1905 2570 qua-

203 2582 470 2647 dringenti
500 2584 585 2632 vel
614 2584 893 2649 quingenti
927 2585 1133 2649 equites
1162 2585 1456 2650 Anglorum
1486 2586 1555 2634 ad
1583 2586 1760 2634 locum
1789 2601 1905 2635 mu-

263 2747 303 2773 α.
335 2736 691 2785 persuaderetur
721 2736 774 2775 P.
805 2758 865 2763 -
895 2736 932 2775 b.
965 2736 1166 2788 Manque
1195 2749 1248 2776 en
1278 2737 1332 2775 P.
1362 2759 1422 2764 —-
1449 2748 1484 2776 c.
1516 2736 1733 2776 Caricarii
1761 2738 1815 2777 P.
1846 2760 1906 2766 —-

201 2794 243 2833 d.
271 2793 541 2834 habitarent
566 2794 619 2833 P.
646 2817 705 2822 —
727 2808 761 2834 e.
789 2795 862 2834 En
888 2808 1049 2847 marge,
1078 2797 1128 2836 de
1153 2796 1197 2835 la
1221 2796 1346 2835 main
1371 2796 1421 2835 de
1445 2795 1648 2842 l'auteur,
1676 2809 1730 2836 en
1761 2796 1812 2836 G.

266 2939 302 2968 1.
326 2927 443 2979 Jean
463 2928 685 2975 Chartier,
708 2929 824 2969 dans
843 2941 895 2969 sa
915 2928 1165 2982 Chronique
1184 2927 1421 2981 franpaise,
1443 2929 1515 2971 ed.
1536 2930 1691 2970 Vallet
1709 2931 1766 2970 de
1784 2929 1902 2970 Viri-
