2071 3302
168 280 263 324 300
596 279 668 309 DE
703 278 940 310 ANGLIAE
977 277 1179 309 REGINA
1215 278 1450 310 MISERIIS

167 399 364 452 tatum,
395 409 504 442 non
541 393 595 441 in
624 391 890 457 potencia,
921 391 1214 441 honoribus
1242 392 1330 441 vel
1365 391 1573 442 diviciis
1601 409 1695 442 seu
1721 392 1876 442 mise-

165 471 237 521 ris
273 476 438 536 atque
484 471 861 536 insipientibus
896 469 1273 534 voluptatibus
1317 474 1412 519 aut
1449 469 1876 536 quibuscumque

165 549 554 614 temporalibus
600 549 717 599 istis
757 553 811 597 et
850 547 1186 597 'transitoriis
1225 548 1383 598 rebus
1423 549 1752 613 querendam
1791 549 1878 598 vel

166 627 604 677 constituendam
647 642 758 676 esse
794 626 1125 684 felicitatem,
1163 626 1257 675 sed
1290 626 1346 674 in
1381 627 1493 675 solo
1528 626 1617 676 illo
1652 642 1779 676 vero
1821 632 1875 676 et

165 705 404 770 perfecto
433 706 576 754 bono
606 709 770 769 atque
807 709 1008 753 eterno,
1041 704 1197 768 Quod
1226 704 1320 768 qui
1355 705 1517 754 semel
1551 704 1713 754 fuerit
1753 721 1876 754 con-

165 787 382 833 secutus
414 783 655 832 omnium
693 783 959 831 bonorum
1001 782 1383 832 habundancia
1414 783 1622 832 fruetur
1654 778 1876 833 saciabi-

165 866 378 925 turque,
406 861 598 910 timore
622 861 888 910 malorum
913 866 967 910 et
992 861 1170 925 ipsum
1193 861 1302 910 ullo
1327 877 1569 925 unquam
1594 877 1693 910 evo
1719 860 1876 910 amit-

165 939 317 988 tendi
339 939 574 1004 periculo
597 939 840 989 sublatis.

235 1017 312 1067 Ut
335 1017 499 1082 igitur
522 1018 592 1067 ad
614 1022 795 1067 nostre
818 1017 1146 1067 narracionis
1169 1017 1374 1076 seriem,
1400 1023 1691 1082 postquam
1714 1017 1876 1082 hujus

164 1095 343 1160 regine
371 1097 670 1160 Margarete
697 1101 751 1145 et
779 1096 1040 1145 secundas
1067 1101 1121 1144 et
1150 1096 1402 1145 adversas
1430 1096 1676 1145 fortunas
1702 1096 1876 1145 brevi-

166 1180 249 1223 ter
282 1174 709 1238 perstrinximus,
745 1180 1095 1232 revertamur,
1124 1178 1324 1238 treuge,
1361 1179 1424 1223 ut
1455 1174 1705 1233 diximus,
1737 1174 1876 1223 inter

165 1268 313 1317 reges
352 1257 406 1301 et
445 1268 608 1317 regna
649 1253 861 1301 firmate
910 1252 1144 1317 primum
1184 1252 1401 1301 fuerunt
1450 1268 1590 1301 anno
1630 1258 1874 1302 currente

166 1330 431 1379 dominice
490 1330 878 1380 incarnacionis
938 1330 1351 1379 MCCCCXLIII
1368 1331 1403 1389 1,
1466 1347 1646 1380 mense
1705 1331 1872 1395 juniO,

165 1414 458 1473 postquam
490 1408 640 1458 vario
675 1424 737 1458 ac
771 1408 981 1458 diverso
1014 1414 1187 1458 marte
1220 1409 1380 1474 Angli
1412 1425 1535 1458 cum
1569 1409 1787 1458 Francis
1819 1408 1874 1457 in

168 1486 380 1536 Galhaa
425 1491 479 1536 et
523 1503 551 1536 e
597 1487 807 1537 diverso
852 1487 1044 1536 Franci
1092 1503 1215 1536 cum
1258 1486 1444 1552 Anglis
1488 1501 1675 1536 XXVIII
1721 1486 1874 1536 annis

166 1565 488 1614 dimicarant
533 1570 586 1615 et
620 1581 836 1630 guerras
877 1565 1144 1614 duxerant
1179 1570 1342 1630 atque
1376 1570 1771 1630 protraxerant.
1810 1565 1874 1614 In

164 1659 274 1708 quo
303 1643 529 1693 articulo
559 1644 938 1693 convenienter
965 1644 1051 1693 hic
1079 1644 1241 1708 hujus
1269 1644 1507 1709 hystorie
1532 1649 1713 1694 nostre
1741 1643 1876 1693 liber

166 1721 363 1771 tercius
386 1723 608 1771 modum
633 1722 875 1787 accipiet.

227 1895 267 1922 α.
289 1884 373 1922 Les
393 1887 502 1922 νηοῖς
522 1890 828 1935 postquam...
854 1884 1005 1923 Gallia
1023 1886 1263 1935 manquent
1281 1897 1334 1923 en
1354 1885 1407 1924 P.
