2071 3302
176 207 238 250 30
433 206 505 237 DE
542 206 769 237 PRAELIO
805 207 949 238 APUD
987 207 1202 238 ΡΟΝΤΕΜ
1240 207 1280 238 S.
1319 206 1622 238 CLODOALDI

177 325 260 368 ter
280 324 335 369 et
358 320 560 385 absque
581 320 972 370 intermissione
995 337 1147 386 agros
1168 320 1341 370 tocius
1362 320 1588 385 regionis
1610 336 1880 385 percursa-

176 402 311 450 bant
355 406 409 451 et
443 402 512 451 ad
543 407 842 452 extremam
874 403 1115 451 omnium
1146 418 1323 451 rerum
1355 402 1593 467 inopiam
1633 419 1881 467 agrorum

175 483 405 533 cultores
435 483 790 543 deducebant,
823 489 982 533 tanta
1010 489 1194 534 secuta
1223 489 1303 533 est
1333 484 1591 542 vastaciO,
1624 489 1701 542 ut,
1734 485 1879 534 relic-

175 565 246 614 tis
271 565 326 614 in
352 565 537 615 multis
563 565 710 630 regni
736 566 981 630 partibus
1004 566 1142 630 agris
1162 565 1392 624 incultis,
1417 581 1510 630 per
1530 566 1740 616 diversa
1764 567 1881 616 loca

176 655 273 695 aca
327 647 575 697 civitates
627 647 957 697 validissima
1009 648 1176 697 fames
1228 653 1282 696 et
1334 647 1525 696 exinde
1574 648 1880 712 pestilencie

175 729 409 777 maxime
456 734 510 778 et
557 734 757 779 mortes
803 729 1083 778 hominum
1131 734 1294 794 atque
1341 729 1654 778 animalium
1701 735 1880 780 secute

174 810 281 860 sint
298 811 332 860 1.
1804 799 1807 801 ⁵

243 892 325 941 Ea
351 892 521 941 eciam
548 897 888 957 tempestate,
920 894 1064 958 apud
1092 898 1314 958 pontem
1342 893 1525 942 Sancti
1553 893 1877 952 Clodoaldi2‚

174 990 400 1039 magnus
424 976 707 1025 conflictus
730 976 870 1025 inter
893 976 1172 1041 utriusque
1197 976 1445 1025 factionis
1470 982 1706 1026 armatos
1730 977 1880 1026 habi-

175 1062 263 1107 tus
292 1063 388 1107 est.
422 1058 486 1106 In
515 1074 638 1123 qUO,
671 1074 809 1117 cum,
839 1059 1310 1123 Burgundionibus
1339 1059 1755 1124 prevalentibus,
1788 1060 1879 1109 ad-

174 1139 393 1188 versarii
417 1144 558 1189 retro
583 1156 676 1204 per
699 1146 922 1205 pontem
946 1141 1015 1189 ad
1040 1156 1230 1199 arcem,
1259 1157 1423 1205 quam
1446 1141 1578 1190 inibi
1601 1142 1877 1200 tenebant,

175 1236 286 1270 sese
329 1221 559 1286 recipere
602 1222 1004 1281 contenderent,
1042 1222 1118 1271 issi
1160 1238 1286 1271 vero
1331 1222 1424 1286 qui
1466 1222 1521 1270 in
1565 1238 1683 1271 arce
1726 1228 1879 1272 erant

174 1302 420 1353 videntes
451 1303 604 1353 cedes
635 1319 854 1353 suorum
885 1309 1049 1368 atque
1091 1304 1290 1368 fugam,
1325 1309 1547 1368 pontem
1584 1309 1734 1353 metu
1765 1321 1879 1370 per-

175 1385 313 1434 cussi
359 1401 455 1450 pro
512 1401 609 1435 suo
654 1386 949 1435 munimine
997 1385 1316 1436 adversum&
1362 1387 1543 1436 hostes
1591 1387 1876 1446 levassent,

174 1467 620 1532 prosequentibus
652 1472 815 1533 atque
846 1468 1081 1533 graviter
1110 1468 1515 1518 imminentibus
1544 1469 1878 1533 Burgundio-

173 1549 347 1607 nibus,
382 1554 466 1598 tot
499 1550 668 1614 partis
701 1550 937 1608 adverse,
974 1551 1038 1599 de
1071 1555 1235 1614 ponte
1267 1550 1534 1608 cadentes,
1569 1550 1624 1599 in
1660 1551 1878 1601 flumine

174 1631 423 1680 suffocati
456 1636 598 1689 sunt,
636 1633 812 1696 quod<²
846 1633 946 1681 sub
989 1632 1078 1681 illo
1119 1632 1299 1696 pontis
1333 1648 1459 1682 arcu
1496 1632 1729 1682 fluminis
1763 1649 1877 1682 cur-

174 1730 262 1762 sus
285 1714 447 1762 ferme
461 1713 487 1742 d
506 1714 798 1778 impeditus
820 1714 979 1763 fuerit
1003 1720 1056 1763 et
1079 1715 1387 1764 obstructus
1404 1715 1437 1764 3.

759 1923 1175 1973 CAPITULUM
1213 1924 1288 1971 VI

325 2057 407 2106 ΟΒ
446 2070 589 2116 QUAs
628 2070 836 2106 CAUsAs
875 2058 1191 2115 HENRICUS,
1234 2071 1347 2105 REx
1384 2058 1722 2115 ANGLORUM,

469 2152 707 2188 REGNUM
746 2139 1103 2188 FRANCORUM
1142 2152 1226 2188 SIT
1263 2153 1581 2188 AGGREssth

243 2272 376 2321 Cum
404 2278 586 2321 autem
614 2273 777 2321 talem
804 2289 980 2321 rerum
1008 2273 1416 2337 disposicionem
1442 2273 1495 2322 in
1523 2289 1683 2338 regno
1712 2274 1874 2322 Fran-

174 2368 357 2401 corum
385 2352 594 2416 antiqui
621 2353 801 2402 hostes
828 2353 993 2416 ipsius
1018 2353 1164 2418 regni
1191 2353 1348 2417 Angli
1376 2353 1618 2402 viderent
1657 2359 1710 2403 et
1748 2354 1874 2403 civi-

174 2434 312 2482 libus
359 2433 778 2483 dissencionibus
825 2440 988 2498 atque
1036 2434 1387 2483 acerbissimis
1433 2435 1663 2483 invicem
1712 2435 1845 2484 odiis
1857 2443 1874 2463 ⁴·

174 2515 354 2563 omnia
387 2515 609 2579 impleri,
648 2516 854 2564 turbari
889 2521 941 2564 et
978 2516 1248 2574 confundi,
1288 2516 1713 2586 oportunitatem
1748 2517 1872 2565 alla-

174 2603 289 2645 tam
315 2596 413 2645 sibi
440 2612 550 2645 esse
576 2597 680 2645 rati
706 2602 847 2655 sunt,
876 2614 1098 2662 regnum
1123 2598 1299 2662 ipsum
1325 2603 1378 2647 et
1406 2603 1573 2647 terras
1598 2597 1652 2646 in
1679 2598 1874 2662 quibus

173 2678 285 2740 jam
316 2694 347 2725 a
376 2678 560 2727 multis
592 2678 744 2727 annis
774 2679 859 2742 jus
889 2679 1083 2727 habere
1115 2680 1464 2737 contendunt,
1499 2680 1789 2728 invadendi
1818 2686 1873 2729 et

175 2775 444 2808 armorum
465 2759 667 2809 viribus
689 2760 1012 2824 acquirendi.

235 2938 274 2963 α.
298 2928 344 2964 et
372 2926 423 2964 P.
445 2948 503 2952 ——
525 2926 561 2964 b.
585 2927 806 2965 adversus
828 2927 880 2965 P.
903 2949 960 2953 —
980 2939 1013 2965 c.
1037 2930 1090 2965 ut
1111 2927 1163 2965 P.
1185 2949 1243 2954 ——
1262 2927 1302 2966 d.
1326 2927 1397 2966 En
1419 2940 1580 2978 marg&
1604 2928 1653 2966 de
1683 2927 1725 2966 la
1747 2926 1871 2965 main

175 2984 223 3022 de
244 2984 447 3029 l'auteur,
470 2986 582 3024 dans
610 2986 659 3024 G.
681 3008 739 3012 -—
758 2998 791 3024 e.
815 2986 929 3025 odiis
950 2986 1149 3025 invicem
1169 2987 1221 3025 P.
