2071 3302
161 222 253 265 268
413 233 486 264 DE
522 232 819 265 PONTISARA
853 233 888 264 A
923 233 1146 265 FRANCIS
1184 233 1412 266 OBSESSA
1451 223 1612 282 (1441)

158 362 280 396 rum
300 362 482 397 manu,
508 347 672 417 Dedit
695 347 859 412 igitur
880 346 1161 397 consilium
1183 346 1307 397 duci
1329 348 1560 398 Eboraci
1581 354 1644 398 ut
1667 349 1737 399 ad
1759 365 1866 400 cer-

160 434 276 477 tam
302 429 492 478 horam
521 429 718 479 Secane
747 428 921 493 ripam
949 445 1016 478 ex
1044 429 1292 494 opposito
1320 429 1445 479 ville
1473 434 1528 480 et
1557 431 1869 481 monasterii

158 509 387 573 predicti
415 509 633 559 Pissiaci
661 508 942 574 diligenter
969 509 1294 569 observaret,
1325 509 1437 575 ipse
1465 526 1592 560 vero
1620 527 1743 560 cum
1770 510 1867 561 cir-

158 591 292 641 citer
314 591 457 640 mille
490 591 763 656 equitibus
795 607 919 640 cum
943 591 1090 640 omni
1121 591 1393 641 celeritate
1425 608 1487 642 ac
1518 592 1867 643 festinacione

159 687 254 737 per
292 672 610 720 Meduntam
650 670 720 719 ad
759 669 966 719 dictum
1007 670 1302 720 Pissiacum
1341 671 1607 730 traiceret,
1649 672 1744 721 ubi
1781 672 1869 721 vel

158 753 524 818 improvidum
564 752 743 817 ipsum
783 768 962 816 regem
1003 757 1222 817 repente
1265 753 1575 818 aggrediens
1616 753 1672 802 in
1714 769 1867 803 suam

157 835 419 900 redigeret
462 838 793 899 potestatem
836 833 922 883 vel
964 834 1034 883 ad
1077 834 1467 884 transeundum
1518 835 1587 884 ad
1641 835 1868 885 alteram

159 916 358 966 Secane
383 932 532 966 oram
556 916 774 966 omnino
800 921 1067 965 coartaret
1091 932 1099 974 ;
1128 916 1197 965 ad
1226 933 1391 981 quam
1414 917 1459 967 si
1481 917 1720 982 refugere
1744 933 1866 967 con-

157 998 420 1057 tenderet,
454 998 509 1047 in
539 1007 766 1047 manusa
795 998 961 1063 ipsius
993 998 1142 1048 ducis
1173 998 1405 1048 Eboraci
1431 999 1648 1048 omnino
1686 999 1867 1049 adlabi

159 1079 400 1129 haberet.

227 1161 421 1225 Itaque
451 1161 852 1226 diligentissime
882 1161 1025 1210 idem
1054 1177 1246 1219 comeS,
1278 1166 1547 1226 quatenus
1575 1162 1630 1210 in
1659 1178 1713 1211 se
1742 1162 1864 1220 fuit,

156 1258 270 1291 rem
291 1242 664 1307 hujuscemodi
686 1248 767 1292 est
791 1248 1064 1292 executus,
1090 1242 1229 1292 Tota
1251 1243 1394 1292 enim
1416 1249 1574 1293 nocte
1597 1244 1863 1308 equitanS,

157 1324 423 1374 transiens
470 1325 730 1375 Secanam
775 1341 870 1389 per
915 1330 1137 1389 pontem
1183 1325 1456 1384 Medunte‚
1504 1341 1612 1375 non
1659 1326 1866 1390 quievit

157 1406 326 1456 donec
356 1407 590 1456 crastino
622 1406 722 1465 die,
757 1407 966 1456 circiter
994 1407 1127 1455 hora
1157 1406 1341 1471 prime,
1377 1407 1670 1456 Pissiacum
1701 1408 1866 1456 advo-

155 1488 308 1538 lavit.
342 1489 515 1547 Unde,
548 1505 643 1553 per
672 1489 914 1553 spacium
943 1489 1121 1538 minus
1151 1504 1317 1553 quam
1345 1489 1473 1538 hore
1503 1489 1677 1547 unius,
1710 1505 1805 1539 rex
1835 1505 1867 1538 a

155 1570 426 1620 nonnullis
473 1570 685 1620 viarum
734 1571 1163 1636 exploratoribus
1212 1571 1409 1620 cercior
1458 1571 1522 1620 de
1570 1571 1865 1636 Anglorum

157 1652 398 1702 adventu
420 1653 612 1710 factus,
638 1652 708 1701 ad
730 1653 955 1701 alteram
978 1653 1175 1702 Secane
1197 1653 1370 1717 ripam
1390 1653 1504 1717 jam
1514 1652 1534 1681 ‘³
1559 1653 1862 1711 transierat,

156 1750 321 1798 prope
349 1734 443 1783 ubi
470 1734 642 1784 amnis
670 1735 719 1783 Y
723 1750 837 1784 sare
867 1735 1064 1784 Secane
1092 1734 1307 1783 influitl
1328 1750 1339 1792 ;
1369 1735 1477 1793 sed,
1507 1735 1722 1784 volente
1750 1735 1864 1783 Deo

156 1815 265 1880 qui,
297 1832 419 1864 cum
447 1816 583 1874 vult,
616 1816 841 1880 dissipat
871 1816 1227 1880 cogitaciones
1255 1816 1577 1881 populorum
1605 1822 1659 1865 et
1687 1832 1864 1881 repro-

155 1898 251 1947 bat
281 1898 500 1947 consilia
531 1898 834 1962 principum
849 1898 884 1956 2,
910 1914 1007 1947 nec
1041 1899 1232 1947 ducem
1262 1898 1493 1947 Eboraci
1518 1914 1615 1947 nec
1645 1914 1864 1947 suorum

155 1979 291 2028 ullas
319 1979 425 2028 illic
454 1979 726 2029 custodias
756 1980 981 2029 offendit
1011 1985 1064 2028 et
1095 1980 1164 2029 acl
1201 1985 1439 2029 castrum
1479 1980 1810 2029 Confluentis
1824 1981 1861 2039 3,

154 2077 263 2109 non
285 2061 353 2109 ab
373 2061 496 2110 inde
516 2062 751 2110 multum
770 2066 1054 2120 remotum,
1078 2066 1262 2111 tutum
1282 2061 1626 2120 domicilium,
1650 2078 1704 2111 se
1724 2077 1864 2111 rece-

155 2143 253 2207 pit.
296 2143 592 2192 Dicebatur
630 2143 773 2192 enim
813 2149 928 2192 tam
967 2153 1222 2208 parvamC
1262 2143 1518 2208 temporis
1560 2143 1863 2192 morulamd

155 2225 454 2289 preteriisse
489 2225 635 2289 quod
669 2241 762 2274 rex
804 2241 830 2274 e
871 2225 1033 2274 cubili
1075 2226 1343 2275 excitatus
1385 2225 1698 2275 discesserat
1739 2242 1862 2275 cum

154 2306 363 2371 Anglici
406 2307 625 2356 Pissiaci
665 2307 1053 2357 monasterium
1094 2307 1451 2365 intraverunt,
1498 2308 1644 2372 quod
1687 2308 1862 2357 adhuc

155 2388 343 2437 cubilis
379 2389 461 2438 sui
495 2388 849 2438 lintheamina
885 2389 1120 2438 calencia
1154 2389 1492 2447 invenerunt,
1531 2395 1646 2438 tam
1681 2405 1863 2439 recens

154 2475 269 2518 erat
292 2470 442 2533 quod'
458 2486 552 2519 rex
573 2487 600 2519 e
622 2487 718 2520 suo
740 2471 879 2520 lecto
901 2471 1306 2535 expergefactus
1327 2471 1597 2521 exiliisset.

226 2551 482 2616 Regresso
519 2551 683 2616 igitur
718 2552 772 2600 in
809 2552 1198 2601 Normanniam
1236 2568 1359 2601 cum
1395 2553 1759 2611 festinacione,
1799 2558 1861 2602 ut

154 2633 405 2691 diximus,
437 2633 571 2682 duce
601 2633 831 2682 Eboraci
861 2650 983 2683 cum
1013 2650 1109 2683 suo
1139 2634 1392 2692 exercitu,
1425 2634 1566 2683 fame
1596 2634 1861 2699 plurimis-

154 2730 257 2778 que
282 2714 472 2764 inediis
497 2715 758 2773 confecto,
785 2731 894 2774 reX‚
923 2716 1016 2780 qui
1039 2731 1147 2764 non
1172 2716 1358 2779 procul
1381 2716 1584 2774 aberat,
1613 2716 1682 2765 ad
1707 2732 1860 2765 suam

155 2796 433 2845 Pontisare
463 2796 795 2846 obsidionem
823 2797 962 2846 illico
990 2797 1267 2846 remeavit.
1299 2797 1402 2846 Sed
1431 2813 1553 2847 cum
1582 2803 1635 2846 et
1664 2798 1776 2862 ipse
1805 2803 1860 2847 et

220 2956 260 2982 a.
283 2956 422 2984 manu
443 2946 496 2985 P.
518 2969 578 2973 —
602 2947 638 2985 b.
659 2947 788 2985 Dans
814 2946 1100 2998 l'interligne,
1125 2948 1174 2986 de
1197 2947 1240 2986 la
1262 2947 1386 2986 main
1411 2948 1460 2986 de
1489 2947 1692 2990 l’auteur,
1722 2959 1776 2986 en
1803 2946 1854 2986 G.

154 3024 212 3029 -—
236 3015 269 3042 c.
289 3005 537 3054 parvulam
557 3006 610 3046 P.
635 3029 694 3033 —
714 3007 754 3045 d.
780 3007 1009 3046 morulam
1032 3007 1254 3058 temporis
1277 3007 1329 3046 P.
