2071 3302
826 446 1242 497 CAPITULUM
1281 447 1363 496 IX

752 581 839 629 DE
878 581 1151 644 JOHANNA
1189 581 1431 632 PUELLA.

430 663 723 727 QUALITER
759 675 836 711 AD
874 662 1230 711 FRANCORUM
1277 676 1469 711 REGEM
1507 676 1766 713 ACCESSIT

311 796 437 846 Fuit
461 796 603 845 enim
625 795 726 845 hiis
750 796 937 845 diebus
960 796 1137 860 puella
1159 796 1406 861 quedam,
1434 796 1687 860 Johanna
1708 797 1938 857 nomine,

247 878 473 927 vixdum
492 878 661 943 pubes
675 878 711 937 1,
733 877 884 943 virgo
903 877 1136 942 quidem,
1159 882 1221 927 ut
1242 878 1310 927 ab
1329 878 1576 928 omnibus
1596 895 1802 944 semper
1819 879 1940 930 esti-

245 965 456 1010 matum
483 960 603 1019 fuit,
636 964 755 1009 orta
781 959 835 1008 in
867 959 1063 1009 finibus
1091 959 1380 1024 Campanie
1408 965 1461 1009 et
1490 964 1627 1009 terre
1648 960 1938 1020 BarrensiS,

245 1043 310 1091 de
335 1042 464 1091 villa
489 1042 574 1091 cui
601 1058 797 1091 nomen
829 1042 1150 1091 Vaucouleur
1166 1041 1199 1091 2.
1229 1041 1343 1107 Que
1377 1057 1500 1091 cum
1536 1058 1747 1107 gregem
1772 1043 1942 1108 patris

244 1124 325 1173 sui
346 1128 586 1189 pasceret
609 1128 678 1181 et,
703 1123 1078 1172 nichilominus
1100 1123 1154 1171 in
1176 1123 1425 1188 religione
1443 1124 1638 1173 Christi
1658 1124 1938 1184 instructa,

241 1205 562 1271 singularem
585 1204 890 1254 devocionis
913 1204 1176 1254 fervorem
1199 1205 1269 1254 ad
1292 1205 1561 1254 Christum
1582 1210 1636 1254 et
1658 1206 1941 1271 gloriosam

241 1287 356 1352 ejus
380 1286 706 1353 genitricem,
736 1286 894 1336 simul
918 1286 1086 1335 eciam
1113 1287 1217 1335 ada
1242 1291 1455 1337 sanctas
1481 1287 1710 1352 virgines
1737 1289 1940 1338 Kathe-

239 1369 428 1428 rinam,
463 1369 835 1434 Margaretam,
869 1369 1132 1433 Agnetem
1163 1373 1215 1418 et
1245 1369 1529 1418 nonnullas
1559 1368 1689 1419 alias
1717 1375 1937 1435 gereret,

240 1451 476 1516 quodam
510 1451 595 1500 die
629 1450 839 1500 divinas
872 1450 1226 1500 revelaciones
1261 1466 1314 1500 se
1349 1450 1597 1500 habuisse
1631 1456 1941 1501 constanter

240 1533 546 1582 affirmabat
581 1532 803 1598 sibique,
844 1533 974 1581 dum
1009 1532 1064 1580 in
1100 1548 1219 1581 rure
1256 1533 1522 1597 pascendo
1566 1533 1743 1598 pecori
1789 1533 1938 1583 insis-

240 1620 393 1673 teret,
435 1614 743 1680 apparuisse
773 1614 1040 1679 predictas
1068 1613 1298 1679 virgines
1335 1619 1549 1664 sanctas
1588 1620 1642 1663 et
1679 1615 1939 1665 mandata

239 1696 424 1746 divina
445 1697 514 1746 ad
536 1712 655 1745 eam
678 1696 944 1745 detulisse.

305 1778 499 1827 Aiebat
541 1778 683 1827 enim
723 1777 824 1828 sibi
864 1782 1175 1843 preceptum
1216 1778 1422 1827 factum
1462 1782 1523 1827 ut
1565 1778 1634 1827 ad
1676 1779 1937 1828 Karolum

237 1877 413 1925 regem
450 1860 739 1918 accederet,
779 1859 880 1909 sibi
915 1860 1173 1908 nonnulla
1209 1859 1346 1908 clam
1383 1875 1444 1909 ac
1481 1864 1682 1909 secreto
1720 1861 1933 1910 diceret.

238 1942 368 2007 Que,
401 1942 582 2007 qualia
610 1946 802 2000 essent,
834 1941 945 2006 ipse
975 1957 1068 1990 rex
1098 1941 1228 1991 scire
1257 1941 1453 2006 potuit,
1486 1946 1539 1990 et
1570 1942 1613 1991 si
1643 1941 1728 1991 cui
1757 1943 1936 1992 forsan

186 2052 189 2055 -
236 2024 348 2088 ipse
372 2024 631 2073 revelavit
651 2039 662 2083 ;
690 2039 817 2072 nam
842 2024 1052 2072 occulta
1077 2023 1257 2088 aliqua
1280 2039 1346 2072 ex
1370 2023 1470 2073 hiis
1496 2024 1728 2082 fuerunt,
1757 2024 1936 2089 aliqua

238 2110 421 2154 autem
445 2105 691 2155 omnibus
714 2106 894 2170 palam
916 2106 1077 2163 facta,
1104 2110 1165 2154 ut
1188 2105 1242 2153 in
1266 2105 1612 2169 sequentibus
1635 2106 1932 2170 apparebit.

303 2187 552 2252 Acceptis
585 2187 747 2252 igitur
779 2187 1149 2251 hujuscemodi
1181 2186 1474 2236 visionibus
1508 2191 1562 2235 et
1595 2187 1933 2237 revelacioni-

236 2270 351 2328 buS‚
387 2270 653 2333 Johanna,
689 2285 792 2334 que
824 2269 984 2334 vulgo
1017 2284 1109 2333 per
1141 2284 1354 2317 omnem
1386 2268 1615 2318 Galliam
1647 2289 1667 2314 «
1700 2269 1883 2318 Puella
1914 2289 1934 2314 »

237 2351 624 2416 appellabatur,
656 2351 725 2400 ad
759 2351 1047 2415 quemdam
1081 2349 1321 2408 militem,
1356 2350 1633 2399 dominum
1667 2355 1933 2415 tempora-

236 2433 340 2481 lem
366 2433 489 2481 ville
516 2432 580 2481 de
608 2448 716 2498 qua
742 2432 967 2481 oriunda
993 2437 1106 2481 erat
1122 2433 1142 2462 3
1169 2437 1221 2481 et
1249 2432 1303 2480 in
1330 2448 1437 2496 qua
1463 2448 1586 2481 cum
1612 2432 1720 2481 suis
1745 2448 1932 2497 paren-

236 2514 381 2563 tibus
414 2515 742 2572 morabatur,
781 2514 1016 2571 accessit,
1056 2513 1155 2563 sibi
1191 2529 1425 2563 asserens
1461 2513 1560 2562 Dei
1586 2514 1932 2583 *voluntatem

235 2612 346 2645 esse
370 2601 430 2645 ut
455 2611 574 2644 eam
598 2596 666 2645 ad
690 2612 865 2660 regem
889 2596 1215 2644 Francorum
1239 2595 1566 2659 perduceret,
1593 2599 1654 2644 ut
1679 2595 1779 2645 sibi
1801 2612 1930 2645 non-

236 2678 382 2726 nulla
409 2676 587 2726 divine
613 2677 893 2742 jussionisb
922 2677 1182 2726 mandata
1207 2676 1549 2741 patefaceret,
1577 2677 1719 2726 unde
1747 2677 1862 2735 sibi,
1888 2678 1931 2726 si

235 2759 308 2808 eis
345 2764 569 2824 pareret,
609 2764 662 2808 et
700 2759 803 2808 toti
841 2760 1166 2808 Francorum
1201 2774 1362 2823 regno
1399 2757 1662 2808 utilitates
1698 2758 1932 2808 maxime

235 2846 408 2890 essent
432 2846 770 2905 proventure.
796 2841 929 2890 Cum
952 2846 1133 2889 autem
1155 2840 1296 2889 idem
1318 2839 1483 2898 miles,
1509 2839 1624 2904 ejus
1646 2840 1931 2889 attendens

296 3011 335 3037 a.
357 2998 557 3051 Manque
575 3011 628 3037 en
649 2998 700 3037 P.
719 3020 777 3025 —
799 2997 835 3037 b.
859 2998 1046 3037 visionis
1069 2999 1121 3037 P.
