2071 3302
165 239 257 292 156
475 249 548 279 DE
584 247 704 278 LITE
739 247 949 279 CONTRA
985 246 1234 278 PUELLAM
1270 246 1553 277 INSTITUTA

162 363 344 411 hortes
373 360 806 419 obversatafuit,
837 360 1070 409 multum
1100 360 1313 418 devota,
1346 359 1597 424 quociens
1633 363 1863 424 poterat,

165 443 410 493 ecclesias
431 447 485 492 et
508 442 741 492 oratoria
761 443 876 491 Deo
899 445 1143 492 53013130ι
1167 441 1528 506 frequentans,
1551 440 1660 491 Ubi
1683 445 1866 490 autem

163 525 250 574 inb
287 541 406 574 rure
441 524 708 590 pascendo
744 523 920 589 pecori
955 523 1237 581 insisteret,
1277 522 1321 572 si
1361 522 1570 572 audiret
1607 538 1865 587 campane

164 623 356 657 sonum
389 623 485 672 pro
511 605 812 655 elevacione
838 604 1071 670 corporis
1097 603 1364 654 Dominici
1396 609 1449 653 et
1484 603 1754 669 sanguinis
1779 604 1866 654 vel

165 705 262 754 pro
293 687 620 738 salutacione
655 688 813 736 beate
846 686 1025 745 Marie,
1058 702 1181 735 cum
1210 701 1406 751 magno
1437 685 1740 735 devocionis
1764 686 1863 735 fer-

163 786 291 820 vore
314 770 473 820 solita
495 774 609 818 erat
632 784 806 834 genua
832 769 1043 817 flectere
1066 772 1120 817 et
1144 768 1319 817 Deum
1342 783 1574 817 exorare.

233 856 336 906 Sed
372 860 426 904 et
462 856 577 904 Deo
614 871 668 904 se
704 870 858 904 suam
893 853 1259 919 virginitatem
1295 853 1504 903 vovisse
1541 853 1860 903 affirmabat.

164 939 245 987 De
275 938 429 1003 cujus
457 937 768 996 violacione,
800 936 923 985 licet
955 936 1046 985 diu
1074 936 1213 984 inter
1242 939 1572 984 armatorum
1600 950 1780 1000 greges
1809 940 1863 984 et

161 1019 556 1085 impudicorum
591 1035 652 1068 ac
684 1018 923 1067 moribus
956 1017 1435 1083 perditissimorum
1467 1017 1704 1066 virorum
1737 1017 1862 1066 fuis-

164 1107 245 1151 set
277 1105 609 1159 conversata,
643 1116 923 1165 nunquam
956 1104 1138 1148 tamen
1172 1099 1407 1164 aliquam
1438 1098 1717 1147 infamiam
1748 1114 1862 1163 per-

164 1183 307 1233 tulit.
358 1182 700 1248 Quinyme
751 1197 873 1230 cum
920 1181 1089 1230 eciam
1135 1196 1228 1245 per
1273 1180 1518 1229 mulieres
1566 1185 1859 1245 expertas⁶·,

163 1265 302 1314 inter
345 1265 638 1329 Anglorum
684 1263 916 1313 existens
960 1279 1167 1321 manuS,
1215 1278 1372 1327 super
1415 1278 1512 1311 sua
1555 1261 1863 1327 integritate

162 1346 473 1396 examinata
504 1346 851 1410 inspectaque
885 1345 1088 1403 fuisset,
1124 1361 1232 1393 non
1267 1344 1412 1393 aliud
1445 1344 1510 1393 de
1543 1359 1606 1392 ea
1638 1343 1864 1408 experiri

162 1433 455 1494 potuerunt
493 1444 589 1477 nec
625 1427 869 1485 referred,
907 1426 1009 1476 nisi
1046 1426 1191 1491 quod
1227 1425 1548 1475 intemerata
1583 1425 1864 1490 virginalia

163 1511 398 1560 claustra
427 1514 679 1560 servaret.
713 1509 1026 1558 Excusabat
1054 1508 1171 1573 ipsa
1198 1507 1364 1557 virilis
1392 1507 1558 1557 vestis
1584 1507 1862 1556 habitume

163 1597 327 1657 atque
357 1596 744 1656 tegmentum,
777 1595 1089 1655 preceptum
1119 1591 1183 1639 de
1222 1589 1539 1639 assumendo
1569 1593 1622 1638 et
1660 1589 1862 1638 utendo

163 1690 225 1723 eo
259 1679 422 1739 atque
457 1674 616 1722 armis
651 1673 909 1722 divinitus
942 1672 1042 1722 sibi
1075 1673 1281 1720 factum
1315 1687 1565 1729 asserens,
1601 1687 1667 1719 ne
1700 1671 1858 1727 viros,

161 1756 301 1804 inter
329 1772 463 1820 quos
492 1755 574 1804 die
604 1760 874 1819 noctuque
902 1754 956 1802 in
986 1753 1419 1818 expedicionibus
1446 1752 1646 1802 bellicis
1675 1752 1860 1802 obver-

163 1837 267 1887 sari
306 1838 542 1895 haberet,
587 1837 655 1885 ad
695 1836 936 1885 illicitam
976 1836 1056 1885 sui
1095 1835 1312 1884 illiceret
1353 1834 1857 1898 concupisce11ciam‚

163 1920 346 1984 quodf
381 1919 424 1968 si
457 1919 715 1967 amictum
746 1918 1059 1967 muliebrem
1092 1921 1374 1982 portasset,
1405 1916 1587 1981 quodg
1616 1915 1710 1965 vix
1741 1932 1859 1980 pro—

162 2002 304 2050 fecto
328 2001 554 2049 inhiberi
578 2000 856 2065 potuisset.
886 2000 988 2049 Sed
1012 2004 1168 2057 certe,
1197 1998 1579 2063 cujuscumque
1603 1997 1658 2046 in
1682 2013 1745 2046 ea
1769 2013 1861 2046 seu

162 2083 543 2132 simulachrum
571 2098 663 2131 seu
691 2082 956 2147 specimen
984 2081 1202 2129 virtutis
1230 2081 1430 2129 elucere
1458 2079 1736 2144 potuisset,
1767 2079 1861 2128 vix

163 2169 277 2213 erat
301 2170 362 2213 ut
387 2165 532 2229 apud
555 2180 689 2228 quos
713 2164 999 2212 tenebatur
1029 2179 1082 2211 se
1117 2162 1378 2226 potuisset
1402 2161 1711 2225 justificare,
1738 2176 1860 2210 cum

160 2246 323 2295 nichil
361 2246 654 2295 ferventius
694 2250 787 2294 aut
827 2244 1138 2310 propensius
1177 2260 1341 2308 quam
1378 2244 1550 2309 ipsam
1589 2243 1859 2307 perditum

161 2329 225 2376 iri
265 2334 317 2376 et
360 2327 599 2392 extingui
641 2328 954 2376 affectarent
998 2331 1160 2390 atque
1201 2330 1646 2390 prosequerentur
1660 2324 1702 2374 ²².
1737 2325 1859 2375 Una

161 2410 302 2458 enim
353 2409 592 2477 omnium
640 2409 933 2473 Anglorum
983 2408 1253 2456 sentencia
1301 2423 1513 2472 voxque
1563 2406 1858 2455 communis

162 2496 276 2540 erat
316 2507 368 2540 se
407 2507 684 2556 nunquam
722 2506 875 2555 posse
914 2506 1035 2538 cum
1075 2489 1291 2538 Francis
1330 2488 1550 2537 feliciter
1589 2488 1854 2545 dimicare,

161 2578 257 2621 aut
281 2574 345 2622 de
369 2572 441 2622 eis
463 2577 732 2637 reportare
755 2572 1051 2629 victoriam,
1078 2570 1336 2635 quamdiu
1359 2570 1448 2619 illa
1471 2570 1667 2627 Puella,
1694 2585 1858 2634 quam

162 2654 466 2719 sortilegam
508 2670 569 2703 ac
610 2654 910 2702 maleficam
953 2653 1324 2710 diffamabant,
1369 2652 1540 2700 vitam
1583 2655 1760 2716 ageret
1803 2650 1856 2698 in

161 2737 424 2786 humanis,
454 2736 622 2801 Atqui
649 2735 917 2800 quomodo
945 2734 1253 2783 innocencia
1279 2749 1462 2782 secura
1488 2733 1711 2782 evadere
1738 2748 1855 2797 pos-

221 2920 260 2946 α.
289 2906 370 2946 Ces
397 2907 509 2945 deux
535 2910 643 2945 mots
670 2909 908 2958 manquent
934 2918 987 2944 en
1011 2904 1064 2943 P.
1089 2926 1150 2933 —
1174 2904 1210 2943 b.
1238 2904 1294 2943 de
1317 2903 1370 2943 P.
1393 2925 1453 2931 —
1478 2915 1511 2942 c.
1537 2915 1619 2954 per
1646 2902 1856 2941 mulieres
