2071 3302
182 239 241 282 42
446 236 661 268 MILITES
697 236 827 268 SUOS
862 236 1159 267 ANGLORUM
1197 236 1305 266 REX
1339 234 1628 266 HORTATUR

183 357 360 401 metus
382 350 554 400 omnis
573 351 642 400 ab
661 350 839 399 animo
861 350 1137 415 pellendus
1159 354 1255 408 est,
1275 365 1372 398 nec
1389 348 1543 398 vobis
1562 349 1886 413 sperandum

182 438 260 492 ut,
289 433 359 482 ad
381 423 753 481 redimendum
772 431 946 482 vitam
970 436 1207 481 vestram
1232 430 1474 496 pecunia,
1501 430 1679 480 idema
1705 431 1886 480 hostes

183 531 279 565 vos
302 514 604 573 adservent,
630 513 723 579 qui
746 513 816 563 ad
837 518 1051 578 gentem
1073 517 1315 562 nostram
1336 512 1700 561 inveteratum
1722 516 1886 578 atque

184 596 583 646 acerbissimum
620 611 827 659 semper
864 594 1047 644 odium
1059 593 1078 622 Ι)
1114 594 1333 643 habent.
1375 595 1584 658 Itaque,
1624 593 1667 643 si
1704 593 1886 642 vivere

184 678 368 743 pocius
403 693 567 742 quam
602 676 738 725 mori
773 676 1021 731 delectat,
1059 692 1206 725 more
1242 675 1468 725 forcium
1503 675 1756 733 virorum,
1795 691 1885 723 an-

184 760 332 825 tique
349 769 368 788 Γ
397 763 573 808 vestre
603 758 902 807 nobilitatis
932 763 986 806 et
1028 757 1169 806 fame
1201 762 1364 822 atque
1402 756 1562 822 glorie
1592 757 1887 821 Anglorum

184 843 237 890 in
271 841 429 890 rebus
461 840 662 890 bellicis
694 839 1008 889 memoriam
1040 840 1317 898 habentes
1353 844 1617 904 tanquam
1649 838 1751 888 viri
1784 839 1887 887 for-

186 922 312 971 titer
335 938 396 971 ac
408 921 434 950 ‘l
458 926 671 971 strenue
695 937 790 986 pro
815 921 1097 970 animabus
1121 920 1312 970 vestris
1335 920 1602 970 dimicate.
1629 939 1649 964 >³

254 1034 368 1083 Hec
402 1049 525 1082 cum
558 1049 651 1082 rex
687 1032 923 1091 dixisset,
960 1032 1094 1081 miro
1128 1033 1289 1081 modo
1325 1032 1625 1081 animorum
1663 1031 1890 1080 audacia

186 1115 370 1180 Anglis
402 1114 650 1172 accrevit,
687 1114 1129 1179 cognoscentibus
1162 1114 1289 1178 ipsis
1322 1130 1475 1163 suam
1508 1129 1722 1178 prorsus
1754 1113 1888 1177 peri·

186 1196 359 1245 clitari
383 1196 629 1253 salutem,
657 1196 759 1245 nisi
785 1196 995 1244 fortiter
1022 1195 1326 1245 dimicando
1351 1196 1532 1244 hostes
1558 1200 1886 1259 superarent.

769 1419 1185 1468 CAPITULUM
1226 1419 1308 1467 IX

190 1547 450 1595 PRELIUM
488 1559 639 1594 APUD
678 1544 978 1594 AGLVCORT
1010 1558 1183 1595 INTER
1221 1546 1482 1594 FRANcos
1521 1558 1592 1593 ET
1627 1544 1892 1594 ANGLos1

257 1679 554 1729 Clamorem
580 1679 742 1743 igitur
769 1679 899 1728 satis
925 1680 1250 1728 horrendum
1277 1680 1541 1737 tollentes,
1571 1694 1753 1743 cepere
1779 1694 1890 1726 ma-

189 1761 305 1826 gnis
331 1761 534 1810 viribus
563 1777 714 1810 arcus
742 1761 1027 1810 extendere
1055 1766 1108 1809 et
1137 1761 1245 1809 tela
1271 1760 1325 1809 in
1363 1761 1543 1810 hostes
1577 1760 1807 1818 mittere,
1837 1760 1891 1808 in

188 1848 346 1892 tanta
373 1843 590 1907 quidem
617 1843 1020 1900 numerositate,
1052 1848 1112 1891 ut
1142 1843 1210 1891 ad
1237 1843 1459 1891 modum
1487 1842 1769 1906 cujusdam
1795 1858 1891 1891 nu-

188 1925 270 1975 bis
303 1941 486 1973 eorum
521 1924 757 1973 densitas
791 1925 963 1973 celum
997 1925 1286 1974 obduceret
1320 1930 1390 1982 et,
1427 1940 1493 1973 ex
1534 1929 1617 1973 tot
1662 1923 1888 1988 sagittiS,

189 2005 350 2054 velud
382 2021 528 2069 seges
561 2005 741 2069 aliqua
774 2005 960 2054 fertilis
993 2005 1048 2053 in
1081 2021 1271 2069 campo
1304 2005 1418 2069 ipso
1451 1992 1683 2069 repente*
1702 2005 1893 2053 oborta

189 2087 461 2136 videretur
482 2102 491 2144 ;
531 2087 984 2151 procedentesque
1021 2087 1330 2152 sagittando
1367 2087 1435 2135 ad
1471 2087 1666 2143 hostes,
1707 2091 1790 2135 tot
1827 2102 1893 2134 ex

190 2168 354 2233 equis,
392 2168 587 2232 quibus
620 2168 925 2218 insidebant
961 2169 1166 2226 Franci,
1203 2168 1614 2233 hominibusque
1648 2169 1892 2217 vulnera-

189 2254 332 2307 runt,
358 2249 599 2314 pluribus
622 2249 786 2298 etiam
810 2250 1008 2307 occisis,
1035 2250 1196 2315 quod,
1222 2250 1535 2315 priusquam
1557 2265 1748 2298 manus
1771 2265 1892 2298 con-

190 2347 358 2380 serere
380 2331 586 2396 possint
600 2339 632 2390 e,
659 2331 998 2396 Francigenis
1020 2336 1169 2396 terga
1191 2332 1526 2381 vertentibus
1554 2336 1608 2380 et
1631 2347 1892 2396 compres-

191 2412 336 2462 sione
365 2418 557 2485 mutua
586 2428 640 2462 se
669 2413 898 2462 invicem
928 2413 1332 2471 suffocantibus,
1365 2429 1532 2478 parvo
1562 2418 1684 2478 post
1713 2413 1893 2463 labore

191 2499 245 2543 et
265 2495 411 2543 nullo
431 2510 564 2558 pene
585 2495 802 2559 negocio
822 2495 1049 2544 victoria
1067 2495 1301 2560 Anglicis
1321 2495 1550 2544 cesserit.

253 2662 293 2689 α.
314 2649 455 2688 iidem
475 2648 527 2688 P.
547 2671 606 2676 —
627 2649 664 2687 b.
685 2648 845 2687 odium
863 2647 990 2700 apres
1010 2649 1324 2688 inveteratum
1343 2648 1397 2686 P.
1415 2670 1474 2674 —
1491 2659 1525 2686 ε.
1547 2647 1747 2699 Manque
1765 2659 1819 2686 en
1838 2646 1892 2685 Ρ.

193 2731 252 2736 -
270 2710 310 2748 d.
333 2712 380 2748 et
399 2709 453 2748 P.
473 2731 532 2736 —
549 2721 584 2748 e.
605 2712 795 2760 possent
816 2709 868 2747 P.

197 2854 341 2894 Fevre
361 2854 418 2893 de
438 2853 745 2904 Saint-Remy
771 2853 857 2904 (ed.
881 2853 1090 2897 Morand,
1115 2855 1149 2891 t.
1172 2852 1208 2897 Ι,
1233 2851 1358 2902 1876,
1377 2862 1422 2902 p.
1445 2849 1653 2900 245-246)
1675 2852 1895 2900 rapporte

195 2914 331 2960 aussi,
357 2914 473 2953 mais
495 2925 551 2952 en
573 2913 636 2952 les
658 2913 911 2958 resumant,
935 2913 999 2952 les
1023 2928 1037 2947 «
1062 2916 1155 2951 tres
1177 2911 1318 2951 belles
1339 2912 1682 2949 remontrances
1705 2923 1721 2944 »
1742 2920 1832 2960 que
1853 2908 1894 2947 le

194 2974 261 3013 roi
282 2973 600 3024 d'Angleterre
624 2972 679 3011 fit
699 2972 726 3011 a
747 2985 816 3012 ses
838 2976 1040 3023 troupes.
