2071 3302
209 247 298 302 138
627 257 700 300 DE
735 257 928 288 ANGLIS
964 256 1113 287 FUSIS
1149 255 1486 297 FUGATISQUE

275 370 616 437 Expugnatis
642 370 826 435 itaque
851 370 1060 419 duabus
1089 373 1183 418 aut
1216 368 1388 418 tribus
1415 384 1482 418 ex
1511 368 1638 434 ipsis
1662 368 1905 427 bastiliis,

207 453 338 504 cesis
358 453 595 518 fusisque
615 452 876 510 hostibus,
901 451 993 516 qui
1013 451 1068 499 in
1089 450 1339 516 reliquisa
1363 454 1690 516 supererant,
1709 450 1908 500 eisdem

206 535 417 594 relictis,
443 551 536 600 per
557 534 742 600 fugam
762 533 924 583 saluti
945 548 1036 583 sue
1058 532 1329 582 consulere
1351 536 1659 582 statuerunt
1674 532 1709 582 1.

277 617 474 667 Castris
512 620 694 666 autem
731 614 969 680 ipsorum
1004 614 1300 679 Anglorum
1337 614 1573 679 direptis,
1615 629 1760 663 arces
1796 613 1909 679 ipse

207 715 300 749 seu
325 697 550 756 bastilie,
580 713 683 762 que
710 713 806 762 pro
833 696 1020 746 castris
1047 696 1116 745 ab
1141 695 1285 761 ipsiS‚
1314 695 1484 745 instar
1509 695 1790 761 opidorum
1816 711 1909 745 seu

207 780 562 839 casteHorum‚
596 779 751 844 lignis
780 778 1155 844 lapidibusque
1187 782 1431 827 extructe
1462 778 1725 837 fuerantb,
1758 777 1908 843 igne⁰

208 878 391 912 omnes
420 865 652 911 cremate
683 865 825 919 sunt,
859 865 913 910 et
944 860 1017 910 sic
1047 860 1254 919 civita5‚
1287 860 1446 925 longa
1474 859 1652 909 inedia
1680 859 1910 924 fatigata

207 949 261 993 et
296 945 555 1003 confecta,
593 943 774 992 taliter
819 942 1001 992 divino
1043 946 1183 991 nutu
1226 946 1389 1007 atque
1423 941 1767 992 miseracione
1809 942 1909 990 sub

208 1027 411 1076 ducatu
453 1024 689 1091 predicte
734 1025 981 1089 Johanne
1036 1023 1406 1088 hujuscemodi
1450 1023 1695 1088 periculis
1745 1027 1910 1088 atque

208 1107 560 1157 incommodis
583 1107 811 1156 liberata
833 1111 914 1155 est
929 1105 964 1155 2.

277 1189 520 1255 Reliquie
548 1193 731 1238 autem
756 1188 1052 1253 Anglorum
1079 1186 1311 1237 diversid
1336 1187 1406 1236 ad
1433 1187 1643 1236 diversa
1669 1186 1830 1252 opida
1855 1190 1910 1235 et

208 1272 325 1321 loca
362 1271 705 1321 transierunt.
749 1270 894 1336 Quos
933 1273 1151 1319 tantum
1188 1285 1384 1318 nomen
1422 1269 1673 1334 famaque
1713 1268 1907 1326 Puelle‚

209 1370 312 1419 que
344 1358 463 1402 tum
495 1369 589 1418 per
621 1368 833 1402 omnem
867 1351 1097 1401 Galliam
1129 1351 1369 1400 omnium
1403 1366 1490 1400 ore
1523 1350 1907 1408 celebrabatur,

208 1435 491 1484 exterritos
520 1439 715 1500 egerat,
739 1438 801 1483 ut
831 1433 963 1482 nihil
991 1449 1156 1499 prope
1179 1432 1291 1498 spei
1315 1433 1369 1482 in
1396 1433 1715 1491 defensione,
1743 1433 1834 1482 sed
1856 1431 1911 1480 in

208 1517 320 1566 sola
347 1517 474 1582 suga
500 1516 791 1582 presidium
818 1531 1089 1580 superesse
1118 1515 1317 1564 eisdem
1343 1514 1630 1564 videretur.

276 1600 361 1648 Ex
392 1604 522 1648 tunc
553 1598 844 1663 Anglicane
876 1597 1070 1662 sagitte
1104 1596 1227 1645 ferri
1258 1596 1396 1646 acies
1437 1601 1619 1646 retusa
1656 1595 1910 1661 quemad-

207 1681 430 1730 modum
449 1697 543 1746 per
570 1684 695 1729 ante
726 1684 1004 1744 penetrare
1024 1695 1132 1728 non
1152 1678 1362 1743 potuite
1384 1695 1394 1737 ;
1418 1678 1540 1727 exin
1563 1679 1777 1727 fortune
1796 1693 1910 1726 cur—

209 1779 297 1813 sus
327 1763 680 1820 immutatus;
714 1777 780 1810 ex
811 1766 941 1810 tunc
972 1762 1300 1810 Francorum
1330 1775 1411 1809 res
1443 1760 1647 1824 dejecte
1678 1764 1910 1825 prostra-

209 1849 368 1909 teque
395 1844 523 1909 erigi
548 1848 601 1892 et
628 1843 682 1892 in
709 1858 857 1908 spem
883 1842 1154 1892 meliorem
1179 1841 1418 1900 relevari,
1447 1841 1741 1907 Anglorum
1765 1857 1909 1899 vero,

209 1942 343 1991 quas
367 1925 774 1975 secundissimas
798 1926 1058 1974 hactenus
1082 1924 1399 1982 habuerant,
1427 1928 1568 1972 retro
1596 1925 1756 1973 fluere
1782 1923 1911 1972 dila-

208 2008 369 2073 bique
394 2012 664 2072 ceperunt.

276 2091 483 2139 Tantus
505 2089 646 2138 enim
668 2105 733 2138 ex
756 2089 867 2138 solo
891 2088 1068 2137 Puelle
1090 2088 1304 2137 nomine
1326 2098 1509 2136 eorum
1532 2086 1722 2136 animis
1742 2102 1913 2151 pavor

208 2171 494 2221 incesserat
536 2176 597 2220 ut
639 2175 974 2220 sacramento
1015 2186 1210 2235 magno
1252 2185 1436 2218 eorum
1477 2168 1691 2233 plurimi
1735 2169 1910 2217 firma-

208 2258 342 2312 rent,
375 2253 536 2319 quod,
568 2253 679 2302 solo
708 2269 769 2301 eo
799 2252 985 2302 audito
1015 2256 1109 2301 aut
1138 2252 1254 2316 ejus
1282 2250 1579 2316 conspectis
1608 2250 1784 2315 signis,
1815 2265 1911 2298 nec

209 2335 507 2385 reluctandi
557 2335 695 2384 vires
747 2334 1091 2399 animumque
1143 2333 1229 2382 vel
1280 2349 1431 2382 arcus
1483 2331 1806 2382 extendendi
1857 2335 1910 2380 et

209 2417 386 2481 jacula
409 2417 463 2477 in
486 2418 667 2466 hostes
690 2416 976 2481 torquendi
1000 2432 1093 2465 seu
1116 2415 1353 2473 feriendi,
1380 2414 1462 2463 uti
1485 2414 1627 2464 soliti
1650 2430 1744 2479 per
1766 2413 1913 2479 prius

209 2499 439 2556 fuerant,
463 2499 734 2547 ullomodo
756 2513 1021 2547 assumere
1042 2501 1275 2562 possent.

269 2673 309 2698 α.
335 2659 497 2699 ceteris
520 2660 573 2699 Ρ.
596 2682 655 2686 -
680 2659 716 2698 b.
742 2663 874 2698 erant
901 2659 953 2697 Ρ.
976 2681 1035 2685 —
1056 2670 1089 2697 c.
1115 2658 1316 2709 NIanque
1338 2669 1391 2696 en
1415 2657 1467 2696 P.
1490 2679 1549 2684 —
1570 2657 1610 2695 d.
1635 2656 1835 2708 Manque
1857 2668 1910 2695 en

211 2720 264 2759 P.
293 2742 353 2747 —
379 2733 414 2759 e.
445 2719 601 2771 potuis
629 2717 798 2770 corrige
825 2718 1185 2758 successivement
1212 2730 1265 2756 en
1294 2720 1551 2768 potuerunt
1578 2719 1616 2756 et
1643 2716 1801 2767 potuit
1828 2720 1912 2767 par

209 2778 412 2823 l’auteur,
437 2780 551 2818 dans
579 2779 629 2818 G.
