2071 3302
807 454 1223 504 CAPITULUM
1266 455 1347 503 XI

394 581 481 629 DE
519 593 811 630 DESCENSU
850 593 1112 630 SECUNDO
1150 581 1400 630 HENRICI
1437 583 1762 632 ANGLORUM

489 675 651 712 REGIS
689 675 750 710 IN
788 662 1204 721 NORMANNIAM,
1244 676 1396 712 APUD
1433 663 1666 713 TOLCAM

294 805 531 853 Decurso
572 818 701 853 vero
741 803 971 862 bienniO,
1016 803 1342 853 instruendis
1384 804 1640 853 exercitui
1681 810 1735 854 et
1778 801 1932 854 classi

225 886 520 950 impens0a‚
549 901 688 944 cum,
718 889 779 934 ut
806 885 998 935 celebri
1024 885 1171 934 fama
1196 902 1290 950 per
1315 891 1495 935 totum
1520 902 1743 952 regnum
1767 887 1810 935 F
1812 902 1932 935 ranu

226 968 303 1017 cie
339 968 626 1027 ferebatur,
665 967 777 1016 dux
809 967 1255 1032 Burgundionum
1291 968 1444 1018 fedus
1480 984 1603 1018 cum
1637 969 1932 1033 Anglorum

225 1065 346 1114 rege
369 1049 711 1114 percussisset
729 1049 763 1107 1,
790 1048 1001 1099 solvens
1024 1065 1051 1098 e
1073 1049 1254 1098 littore
1278 1050 1500 1099 classem
1522 1051 1817 1114 Anglorum
1839 1065 1933 1098 rex

222 1131 368 1179 idem
390 1130 670 1189 Henricus‚
696 1131 761 1179 de
784 1146 891 1195 quo
913 1147 1075 1195 supra
1097 1130 1345 1188 diximus
1372 1132 1442 1180 ad
1462 1131 1648 1181 littora
1669 1132 1931 1180 Norman-

220 1212 310 1261 nie
360 1212 587 1278 appulit,
639 1217 884 1262 currente
934 1228 1075 1262 anno
1132 1213 1351 1262 Domini
1401 1214 1454 1262 M
1504 1213 1668 1263 CCCC
1719 1214 1880 1263 XVII
1894 1212 1930 1272 b,

223 1311 405 1344 mense
431 1295 645 1360 augusti
659 1303 678 1323 ί·
693 1294 727 1344 2.
749 1294 845 1344 Cui
869 1294 1030 1344 cumd
1054 1294 1262 1353 Franci,
1282 1295 1630 1344 multitudine
1649 1311 1934 1345 numerosa

225 1381 557 1426 armatorum
576 1381 714 1426 terre
744 1375 930 1425 littora
949 1377 1277 1441 complentes
1290 1385 1307 1405 ⁶
1325 1393 1392 1425 ne
1418 1377 1473 1425 in
1500 1381 1699 1426 terram
1719 1377 1932 1426 descen-

226 1461 391 1518 deret,
436 1474 530 1524 per
571 1458 684 1509 dies
725 1458 932 1523 aliquot
974 1459 1155 1508 conati
1197 1458 1423 1508 fuissent
1465 1459 1737 1517 obsistere,
1781 1458 1932 1508 irrito

224 1548 408 1592 tamen
443 1556 628 1590 eorum
663 1540 856 1590 annisu
890 1540 1052 1599 fact0‚
1090 1541 1386 1605 Anglorum
1421 1540 1601 1590 classis
1635 1540 1822 1590 littora
1856 1545 1933 1590 te-

223 1624 343 1673 nuit
374 1623 520 1688 apud
548 1622 768 1672 Tolcam
783 1623 818 1680 3,
845 1622 1030 1671 villam
1060 1622 1406 1682 maritimam,
1432 1627 1486 1672 et
1508 1622 1614 1673 illic
1636 1622 1691 1671 in
1714 1627 1930 1681 terram,

224 1705 537 1756 cedentibus
558 1704 651 1769 qui
679 1704 748 1753 ad
767 1704 964 1754 littoris
976 1705 1005 1741 f
1024 1704 1384 1753 municionem
1413 1704 1790 1762 adventarant,
1818 1704 1933 1753 des-

223 1788 534 1838 cenderunt.

292 1870 540 1935 Quantus
570 1884 697 1918 vero
728 1873 935 1918 terrore
965 1867 1133 1917 tunch
1166 1868 1367 1918 incolas
1396 1867 1668 1926 invaserit,
1696 1872 1934 1933 quantus

222 1956 400 2002 metus
422 1966 489 2000 ex
511 1951 623 2000 solo
646 1950 941 2015 Anglorum
974 1949 1189 1999 nomine
1213 1950 1461 2000 omnibus
1474 1949 1488 1978 ι’
1510 1949 1798 2008 incesserit,
1824 1965 1933 1999 non

223 2038 303 2083 est
340 2032 493 2083 facile
529 2031 716 2080 dicere.
757 2031 845 2080 Ita
879 2031 1022 2080 enim
1055 2036 1274 2095 repente
1309 2031 1487 2095 patria
1521 2035 1641 2079 tota
1675 2030 1933 2079 exterrita

223 2115 344 2173 fuit,
373 2119 435 2164 ut
461 2113 638 2162 nullus
664 2128 814 2177 pene,
844 2112 945 2162 nisi
970 2113 1025 2161 in
1052 2113 1164 2162 sola
1190 2113 1332 2178 fuga,
1363 2112 1566 2177 aliquid
1591 2112 1693 2161 sibi
1718 2112 1933 2176 presidii

222 2197 469 2247 relictum
501 2211 613 2245 esse
646 2195 956 2244 confideret.
993 2196 1066 2244 Et
1099 2194 1200 2244 nisi
1233 2194 1287 2244 in
1321 2194 1585 2259 plerisque
1619 2194 1934 2243 civitatibus

222 2284 277 2329 et
305 2277 478 2344 opidis
507 2292 539 2326 a
566 2276 876 2341 capitaneis,
909 2276 1105 2341 quibus
1132 2277 1370 2325 locorum
1399 2276 1645 2325 custodia
1671 2275 1934 2324 mandata

223 2365 356 2420 erat,
383 2360 628 2409 obserate
654 2357 879 2408 fuissent
905 2363 1058 2423 porte
1091 2363 1145 2406 et
1181 2358 1350 2407 incole
1375 2357 1431 2407 vi
1456 2373 1517 2407 ac
1542 2362 1692 2406 metu
1716 2356 1928 2415 retenti,

223 2439 607 2509 proculdubio
642 2440 811 2489 multe
857 2456 923 2489 ex
957 2439 1073 2489 hisJ'
1107 2439 1506 2489 habitatoribus
1540 2455 1709 2488 vacue
1751 2439 1932 2488 relicte

224 2525 466 2582 fuissent,
505 2522 962 2589 quemadmodum
997 2526 1051 2570 et
1066 2520 1089 2549 'f
1122 2522 1176 2569 in
1211 2521 1480 2570 nonnullis
1515 2525 1728 2587 constat
1764 2520 1931 2569 conti-

223 2607 374 2672 gisse.
405 2604 641 2670 Populus
666 2603 810 2652 enim
835 2608 973 2652 terre
998 2603 1157 2667 longa
1182 2608 1312 2652 tunc
1338 2618 1468 2667 pace
1494 2602 1651 2651 simul
1678 2617 1802 2650 cum
1828 2617 1931 2650 ser-

223 2686 400 2737 vitute
436 2683 664 2733 imbellis
687 2687 742 2732 et
775 2683 1001 2747 simplex
1025 2682 1183 2732 nimis
1208 2688 1340 2740 erat,
1366 2682 1745 2732 estimantibus
1769 2681 1930 2746 pluri-

287 2863 328 2889 a.
349 2848 568 2901 impensis
588 2849 641 2887 P.
663 2870 721 2876 -
742 2848 779 2887 b.
807 2843 918 2898 1⁴417
944 2848 995 2887 G.
1016 2870 1075 2875 —-
1093 2860 1127 2887 c.
1149 2850 1347 2898 augusto
1368 2847 1420 2886 P.
1440 2868 1500 2873 —-
1517 2846 1558 2885 d.
1581 2846 1782 2898 Manque
1800 2857 1856 2884 en
1876 2846 1930 2885 P.

226 2931 285 2937 —-
313 2923 348 2949 e.
381 2909 678 2961 complebant
708 2908 761 2948 P.
793 2930 852 2935 -—-
879 2908 911 2956 s.
943 2907 1157 2946 littorum
1187 2908 1241 2946 P.
1271 2928 1330 2934 —-
1360 2919 1398 2957 g.
1431 2908 1577 2945 terror
1606 2905 1757 2957 patrie
1787 2906 1841 2945 P.
1874 2927 1933 2933 -

226 2969 267 3008 h.
288 2969 488 3022 Manque
505 2981 559 3007 en
579 2968 632 3008 P.
650 2989 710 2995 —-
725 2967 757 3007 i.
778 2967 977 3020 Manque
995 2980 1049 3006 en
1068 2967 1120 3006 P.
1140 2989 1199 2994 -
1214 2968 1245 3016 φ’.
1266 2966 1352 3005 hiis
1372 2966 1423 3004 P.
1443 2988 1501 2992 —
1517 2965 1558 3004 k.
1580 2965 1784 3018 Manque
1803 2977 1856 3004 en
1876 2964 1929 3004 P.
