2071 3302
212 232 307 287 276
656 239 728 270 DE
764 237 996 270 EBROICA
1032 238 1278 269 CIVITATE
1314 237 1479 269 CAPTA

213 371 325 404 sese
362 354 742 411 occuluerunt;
781 351 889 416 qui,
928 356 1218 416 postquam
1253 351 1488 400 militum
1523 352 1669 401 furor
1705 352 1923 402 sedatus

215 440 371 495 esset,
395 435 607 500 reperti,
633 433 837 498 captivi
858 433 1059 482 servati
1080 437 1223 482 sunt.

283 518 485 567 Taliter
529 517 692 582 igitur
739 515 1016 564 Pontisare
1063 514 1285 579 opidum
1331 519 1701 579 expugnatum
1746 531 1922 580 recep-

216 603 441 663 tumque
466 597 604 647 fuit1
625 612 636 655 ;
662 596 804 645 unde
828 596 972 660 regia
1002 595 1093 644 illa
1117 595 1441 645 Parisiorum
1471 596 1599 646 urbs
1629 600 1924 661 utcumque

215 680 473 744 respirare
519 678 719 743 incepit
765 682 819 726 et
866 677 920 726 in
966 677 1239 725 meliorem
1285 681 1492 726 statum
1538 678 1921 736 convalescere,

217 777 356 818 cum,
385 764 612 824 excepta
636 758 883 808 inferiore
908 763 1061 823 parte
1089 758 1287 807 Secane
1312 767 1509 823 usquea
1534 758 1674 808 infra
1703 759 1923 808 Medun-

217 847 349 900 tam,
386 841 609 891 liberam
643 857 737 906 per
772 840 952 889 omnia
989 840 1212 888 flumina
1245 840 1358 904 jam
1391 840 1798 905 navigacionem
1830 841 1924 890 ha-

221 924 388 973 beret.

777 1114 1195 1164 CAPITULUM
1234 1114 1365 1163 XVI

472 1249 720 1298 CAPITUR
757 1262 793 1297 A
830 1248 1078 1297 FRANCIS
1117 1261 1335 1297 CIVITAS
1373 1248 1682 1297 EBROICIsb

310 1345 380 1380 ET
407 1344 520 1380 REX
544 1343 970 1379 PROFICISCITUR
994 1343 1071 1378 AD
1096 1329 1348 1378 TARTAS⁰
1374 1343 1434 1378 IN
1459 1330 1830 1390 AQU1TAN1AM

290 1465 393 1515 Sed
420 1481 518 1514 nec
545 1463 902 1514 infortunium
930 1463 1241 1527 hujusmodi
1269 1463 1442 1512 solum
1471 1463 1691 1513 obvenit
1722 1463 1923 1529 Anglis.

221 1547 411 1597 Stante
450 1546 593 1596 enirn
632 1546 808 1595 adhuc
847 1545 1122 1594 obsidione
1163 1545 1232 1594 ad
1272 1545 1626 1604 Pontisaram‚
1667 1561 1807 1596 unus
1844 1545 1930 1595 vir

219 1628 412 1677 nobilis
443 1632 497 1677 et
529 1632 816 1677 strennuus
846 1643 873 1675 e
905 1626 1264 1676 Caletensium
1298 1626 1494 1676 finibus
1535 1627 1807 1686 oriundUS,
1841 1643 1926 1676 co-

219 1714 510 1774 gnomento
541 1709 752 1774 Floquet
767 1709 801 1767 2,
835 1708 929 1772 qui
960 1708 1071 1757 dux
1102 1708 1233 1757 certi
1268 1708 1478 1757 numeri
1514 1708 1750 1758 militum
1787 1708 1929 1758 inter

221 1792 453 1840 Francos
477 1795 609 1848 erat,
637 1789 916 1839 civitatem
940 1788 1181 1839 Ebroicis
1205 1794 1370 1838 noctu
1393 1790 1639 1839 introivit
1663 1794 1717 1839 et
1741 1790 1928 1855 Anglis

220 1873 445 1923 abstulit
461 1873 497 1922 3.
524 1873 658 1921 Erat
683 1872 825 1921 enim
849 1871 991 1920 idem
1015 1872 1062 1921 F
1065 1871 1227 1936 loquat
1261 1887 1357 1936 pro
1389 1871 1636 1921 custodia
1658 1872 1929 1923 Lociveris

221 1954 545 2018 deputatus;
587 1953 681 2002 sed
718 1952 930 2017 ingenio
970 1969 1089 2001 acer
1126 1953 1181 2001 in
1219 1953 1378 2003 rebus
1416 1953 1616 2003 bellicis
1654 1969 1927 2018 manuque

220 2040 519 2100 promptuS,
552 2034 741 2084 vicinis
772 2034 1085 2084 civitatibus
1115 2034 1202 2083 vel
1243 2034 1415 2099 opidis
1446 2051 1549 2100 que
1587 2035 1926 2100 occupabant

220 2117 429 2181 Anglici
451 2116 708 2166 insidians
738 2116 1055 2165 imminebat
1079 2132 1302 2180 semper.
1329 2117 1501 2175 Unde,
1528 2133 1650 2166 cum
1685 2117 1926 2181 predicta

220 2198 413 2248 civitas
440 2197 682 2247 Ebroicis
714 2197 927 2247 nonnisi
962 2195 1228 2262 quinque‘¹
1252 2197 1414 2247 leucis
1449 2214 1481 2247 a
1508 2198 1790 2249 Locoveris
1822 2199 1926 2248 dis-

221 2284 317 2337 tet,
363 2295 457 2343 per
498 2278 863 2327 internuncios
905 2278 990 2326 vel
1033 2277 1278 2342 captivos
1319 2278 1542 2327 modum
1583 2278 1790 2327 invenit
1833 2294 1928 2343 per

222 2376 398 2425 quem,
438 2364 690 2424 corrupto
727 2364 782 2408 et
819 2364 1139 2424 cooperante
1177 2359 1413 2423 quodam
1450 2375 1516 2408 ex
1552 2359 1759 2409 civibus
1795 2375 1927 2424 pau·

222 2458 344 2507 pere
376 2442 469 2506 qui
510 2442 565 2490 in
595 2442 738 2490 vallo
770 2441 1011 2505 ejusdem
1042 2440 1301 2490 civitatise
1333 2441 1526 2506 piscari
1563 2446 1679 2490 erat
1718 2441 1924 2500 solitus,

221 2523 599 2572 circumventis
646 2539 740 2586 per
786 2522 963 2586 ipsum
1010 2522 1339 2586 proditorem
1385 2522 1787 2573 excubitoribus
1833 2523 1927 2588 qui

221 2621 384 2669 supra
413 2620 628 2653 murum
659 2604 930 2661 astabant,
966 2603 1198 2653 admotis
1229 2604 1398 2662 scalis,
1432 2620 1647 2653 murum
1677 2620 1927 2654 conscen-

222 2688 371 2736 deret
409 2702 502 2751 per
533 2691 678 2735 atras
708 2685 881 2734 noctis
912 2685 1160 2734 tenebras
1190 2690 1244 2734 et
1275 2685 1349 2735 sic
1379 2685 1601 2735 civitate
1642 2686 1923 2750 potiretur.

224 2769 338 2834 Que
368 2785 450 2818 res
481 2774 535 2817 et
567 2767 785 2816 Francis
817 2767 1058 2832 perutilis
1081 2772 1135 2816 et
1167 2767 1473 2831 Anglicanis
1503 2768 1662 2817 rebus
1693 2783 1801 2817 non
1832 2783 1924 2832 pa·

282 2934 321 2959 a.
346 2921 489 2970 Lepon
512 2920 561 2958 de
585 2920 638 2958 P.
664 2919 864 2971 Manque
888 2932 940 2958 en
972 2919 1022 2958 G.
1046 2941 1106 2946 —
1130 2918 1168 2958 b.
1195 2919 1385 2958 Ebroeis
1408 2920 1462 2958 P.
1486 2942 1545 2946 —
1568 2931 1602 2958 c,
1628 2919 1766 2958 Catas
1789 2920 1842 2959 P.
1866 2943 1928 2948 —

221 2981 263 3020 d.
288 2991 310 3029 5
340 2979 391 3019 G.
412 3002 471 3007 -—
489 2992 524 3019 e.
548 2979 753 3018 civitatis
774 2978 986 3030 ejusdem
1006 2979 1059 3017 P.
