2071 3302
193 227 285 269 282
453 237 526 268 DE
562 236 862 268 SUMERSETI
898 236 1043 267 DUCE
1078 235 1137 267 IN
1172 235 1445 267 FRANCIAM
1481 236 1636 268 MISSO

191 350 294 400 nisi
331 351 492 415 quod,
533 350 577 400 si
613 350 771 416 sciret
811 349 1008 399 lineam
1044 349 1335 407 camisiam,
1376 365 1540 414 quam
1578 350 1647 399 ad
1684 366 1896 400 carnem

192 428 478 486 vestiebat,
505 444 597 478 sue
622 427 941 477 intencionis
965 432 1019 476 et
1045 427 1306 492 propositi
1330 427 1442 477 fore
1467 427 1750 486 consciam,
1777 444 1896 477 eam

192 506 438 571 protinus
472 505 831 555 combustioni
863 505 1202 554 contraderet
1241 521 1249 555 :
1286 509 1400 554 tam
1433 506 1694 555 celatum⁰
1732 510 1897 571 atque

193 589 457 634 secretum
493 600 604 633 esse
640 583 892 647 cupiebat
930 583 1158 632 arduum
1205 583 1338 632 illud
1380 588 1434 633 et
1471 583 1727 633 eximium
1763 600 1898 649 opus

193 663 339 727 quod
374 679 428 712 se
465 661 884 726 adimpleturum
919 661 1021 711 sibi
1063 661 1174 726 ipse
1218 661 1550 726 promiserat.
1590 661 1746 726 Quod
1781 662 1897 727 ejus

192 741 381 805 utique
425 739 762 804 propositum
795 739 859 787 de
893 740 1213 788 occultando
1246 755 1349 803 quc
1382 755 1535 804 agere
1575 739 1753 789 animo
1785 756 1898 804 ges-

193 818 319 867 tiret
361 818 538 883 ipsum
566 833 675 866 non
712 832 926 881 prorsus
955 833 1052 866 nec
1082 818 1422 867 omnimodob
1452 817 1714 867 fefellerit.
1746 818 1896 867 Adeo

193 896 335 945 enim
359 901 622 946 secretum
656 895 951 960 permansit
975 901 1037 944 ut
1068 896 1268 945 nedum
1303 895 1434 960 quid
1457 895 1649 960 exequi
1678 895 1898 960 gestiret

192 990 290 1024 nec
312 991 343 1023 a
364 991 417 1025 56
438 991 536 1024 nec
558 974 626 1023 ab
649 973 752 1022 alio
774 973 905 1023 satis
927 974 996 1023 ad
1024 974 1289 1039 liquidum
1310 973 1590 1038 comperiri
1622 974 1859 1038 potuerit
1884 988 1894 1023 :

193 1058 309 1102 tam
344 1053 497 1118 parvi
532 1051 793 1101 momenti
829 1057 882 1100 et
918 1052 1114 1102 nullius
1150 1052 1379 1101 efficacie
1416 1051 1632 1101 fuerunt
1669 1051 1759 1100 illa
1793 1068 1897 1116 que

192 1147 369 1196 gerere
394 1136 475 1180 est
485 1142 504 1161 ‘³
530 1145 820 1195 aggressus,

262 1210 464 1274 Spretis
502 1208 665 1273 igitur
703 1207 944 1256 omnium
981 1208 1292 1257 mortalium
1331 1207 1576 1265 consiliiS,
1618 1207 1779 1257 solius
1817 1208 1900 1257 sui

196 1288 365 1338 fidens
395 1292 448 1336 et
480 1303 571 1337 sue
601 1285 817 1336 innixus
847 1286 1150 1351 prudencie,
1184 1286 1459 1336 associatis
1489 1286 1590 1336 sibi
1618 1286 1803 1336 multis
1832 1302 1899 1335 ex

192 1366 461 1416 veteranis
484 1365 710 1414 ducibus
732 1370 785 1414 et
807 1364 1069 1414 militibus
1091 1365 1387 1429 Anglorum
1409 1365 1501 1429 qui
1531 1365 1624 1414 diu
1657 1365 1711 1413 in
1734 1365 1898 1413 Fran-

193 1445 274 1494 cia
316 1444 633 1501 militarant‚
679 1444 748 1492 ad
795 1444 926 1492 fines
966 1442 1245 1492 Britannie
1289 1443 1560 1492 Armorice
1604 1442 1899 1492 exercitum

193 1522 454 1577 admovit,
480 1521 589 1580 ubi,
616 1522 853 1586 quodam
877 1526 1052 1570 castro
1075 1521 1273 1571 nullius
1296 1537 1430 1585 pene
1452 1521 1714 1570 momenti
1736 1520 1898 1586 vulgo

194 1602 465 1667 appellato
497 1600 810 1665 Laguiersel
843 1604 1073 1665 receptO,
1111 1600 1180 1649 ad
1221 1600 1368 1649 aliud
1410 1616 1518 1649 non
1562 1600 1746 1664 procul
1790 1599 1897 1649 dic-

193 1686 312 1729 tum
349 1679 578 1729 Poense'2
617 1678 949 1728 obsidionem
995 1683 1049 1727 et
1099 1682 1276 1727 castra
1324 1678 1540 1728 locavit.
1581 1678 1898 1727 Adduxerat

193 1774 260 1807 ex
280 1757 473 1822 Anglia
493 1757 547 1805 in
570 1772 667 1806 sua
687 1756 852 1806 classe
874 1756 1154 1821 portatiles
1175 1760 1366 1820 pontes
1388 1773 1454 1805 ex
1474 1756 1644 1821 lignis,
1668 1756 1898 1806 restibus

193 1840 246 1886 et
273 1835 586 1885 animalium
610 1834 909 1897 tergoribus
933 1850 1027 1899 per
1050 1839 1231 1898 partes
1256 1839 1608 1892 constructos,
1635 1850 1758 1883 cum
1783 1833 1899 1883 aliis

194 1915 263 1963 ad
297 1912 683 1978 expugnandas
717 1914 875 1962 urbes
911 1917 1073 1977 atque
1109 1928 1254 1962 arces
1289 1912 1530 1977 plurimis
1565 1912 1810 1977 petrariis
1844 1916 1898 1961 et

192 1992 354 2042 variis
393 1991 654 2040 bellorum
693 1990 1079 2048 instrumentis,
1122 2007 1245 2040 cum
1284 1991 1479 2055 quibus
1518 1995 1572 2039 et
1611 1990 1899 2040 latissimos

191 2071 418 2120 transire
466 2069 658 2118 fluvios
704 2074 758 2118 et
806 2069 1135 2118 firmissimas
1189 2085 1555 2134 quascumque
1611 2069 1769 2118 urbes
1813 2068 1899 2116 vel

193 2165 339 2198 arces
356 2163 661 2213 expugnare
686 2148 888 2212 absque
906 2163 1101 2211 magno
1119 2147 1338 2211 negocio
1362 2147 1578 2212 putarid
1600 2146 1864 2211 potuisset
1884 2161 1896 2205 ;

192 2227 285 2278 sed
316 2232 430 2276 tarn
460 2227 514 2275 in
545 2226 757 2274 irritum
788 2230 951 2290 atque
991 2224 1284 2274 ludibrium
1314 2241 1497 2274 omnes
1527 2225 1642 2290 ejus
1673 2229 1898 2274 conatus

193 2309 580 2370 processerunt,
613 2303 737 2354 licet
769 2309 889 2353 tum
920 2304 974 2351 in
1006 2302 1159 2352 terris
1191 2303 1245 2351 in
1277 2303 1472 2367 quibus
1504 2303 1698 2368 agebat
1729 2317 1899 2367 parva

193 2389 331 2433 esset
355 2388 408 2432 et
432 2383 563 2433 satis
586 2382 763 2432 tenuis
787 2383 1115 2431 Francorum
1137 2381 1334 2430 milicia
1362 2382 1441 2446 (eo
1465 2381 1625 2446 quod,
1651 2385 1714 2430 ut
1737 2380 1899 2445 paulo

194 2466 320 2510 ante
360 2462 609 2520 diximus,
651 2462 980 2510 Francorum
1016 2475 1111 2508 rex
1150 2459 1322 2509 tocius
1360 2475 1494 2524 pene
1532 2459 1680 2524 regni
1717 2458 1898 2523 copias

193 2555 374 2589 secum
421 2539 476 2588 in
523 2539 907 2604 Aquitaniame
957 2537 1236 2601 traxerat),
1289 2538 1434 2602 quod
1481 2537 1613 2586 illud
1661 2541 1898 2586 castrum

194 2618 404 2675 Poensei,
445 2633 552 2666 non
589 2619 824 2667 multum
869 2614 1073 2679 insigne
1112 2615 1205 2664 sed
1252 2615 1406 2680 parvi
1450 2615 1582 2665 satis
1618 2615 1895 2673 momenti,

195 2696 341 2762 quod
380 2696 492 2760 ipse
522 2698 615 2745 diu
644 2696 943 2753 obsederat,
975 2709 1072 2742 nec
1102 2708 1406 2757 expugnare
1436 2709 1532 2743 nec
1563 2693 1631 2742 ad
1669 2692 1896 2742 dedicio-

256 2869 296 2895 a.
320 2856 497 2895 elatum
516 2857 570 2895 P.
592 2879 652 2884 —
674 2856 711 2895 b.
735 2856 924 2895 omnino
944 2857 998 2895 P.
1019 2878 1080 2883 —-
1098 2866 1133 2893 ο.
1157 2854 1215 2893 Ce
1235 2857 1323 2892 mot
1342 2855 1455 2893 dans
1475 2853 1759 2905 l'interligne,
1781 2854 1831 2893 de
1852 2853 1897 2892 la

197 2915 323 2954 main
343 2916 392 2954 de
413 2915 617 2962 l’auteur‚
640 2928 694 2955 en
721 2915 771 2954 G.
793 2938 852 2943 -—
872 2916 912 2955 d.
935 2916 1136 2967 Manque
1156 2926 1209 2953 en
1229 2914 1283 2952 P.
1304 2936 1362 2941 —-
1381 2927 1415 2953 e.
1437 2913 1485 2952 in
1504 2913 1809 2965 Aquitaniam
1826 2925 1894 2953 se-

197 2987 303 3014 cum
323 2975 375 3014 P.
