2071 3302
218 227 306 257 122
452 226 524 257 DE
561 225 788 257 PRAELIO
824 225 881 256 IN
917 224 1147 256 BELCIAE
1183 224 1374 257 CAMPIS
1411 224 1678 257 COMMISSO

214 343 318 398 tur,
353 338 496 404 ipsos
527 337 696 388 eciam
726 338 925 404 Anglos
956 339 1114 388 rebus
1145 338 1450 388 necessariis
1481 354 1630 404 egere
1661 343 1715 388 et
1752 355 1915 404 penu-

215 420 351 470 riam
377 420 493 486 pati
519 412 791 470 interdum
817 420 1225 485 compellebant.

285 503 403 568 Quo
429 502 636 552 factum
661 507 741 552 est
768 507 829 551 ut
855 517 962 551 non
989 502 1058 551 ad
1083 517 1172 551 eos
1196 501 1455 551 victualia
1479 502 1590 552 sine
1614 508 1810 568 magno
1836 518 1915 551 ar-

214 589 485 634 matorum
512 584 784 634 conductu
810 583 1029 649 perduci
1055 588 1288 649 possent.
1320 584 1434 649 Que
1461 600 1542 634 res
1569 600 1691 634 cum
1717 585 1916 650 Anglos

214 666 461 716 molestia
494 666 728 714 multum
763 671 817 714 et
853 665 1101 730 dampnis
1136 681 1258 730 sepe
1293 665 1571 725 affecisset,
1609 670 1916 716 statuerunt

215 752 403 797 contra
447 747 757 813 hujusmodi
802 747 1143 796 incommoda
1187 747 1588 812 providenciam
1633 763 1914 813 apponere.

216 830 604 879 Contrahentes
632 829 796 895 igitur
823 829 1059 894 undique
1090 829 1270 894 copias
1298 829 1368 878 ad
1395 830 1799 879 conducendam
1826 845 1917 878 an-

215 928 414 961 nonam
448 911 518 961 ad
552 916 729 961 castra
762 927 858 961 sua
890 911 1204 970 Aurelianis,
1242 911 1520 961 advocatis
1553 911 1721 961 eciam
1754 916 1918 977 atque

216 993 431 1043 aseitisa
467 993 736 1044 nobilibus
768 993 1112 1052 Normannie,
1146 993 1210 1042 de
1246 993 1508 1043 Parisiusb
1541 1010 1634 1059 per
1663 993 1915 1051 Beleiam‚

216 1092 338 1125 cum
368 1075 572 1141 ingenti
602 1091 853 1125 curruum
884 1091 945 1124 ac
973 1075 1340 1124 vehiculorum
1369 1091 1606 1134 numero,
1639 1076 1693 1124 in
1723 1075 1920 1140 quibus

216 1157 447 1223 plurima
468 1157 695 1206 allecum
722 1157 897 1206 dolia1
927 1172 1050 1206 cum
1072 1157 1260 1207 ceteris
1288 1157 1446 1206 rebus
1468 1157 1723 1206 exercitui
1742 1173 1917 1206 neces—

216 1239 365 1289 sariis
413 1239 765 1298 vehebantur,
818 1239 1218 1304 pertransibant
1268 1243 1431 1304 atque
1479 1239 1581 1288 iter
1629 1239 1917 1289 faciebant.

215 1322 349 1370 Erat
375 1321 517 1370 enim
543 1321 677 1371 sacri
702 1320 1176 1386 quadragesimalis
1199 1320 1389 1385 jejunii
1414 1325 1644 1386 tempuS.

286 1404 442 1469 Quod
470 1419 592 1453 cum
620 1413 743 1452 seu⁶
772 1419 865 1469 per
900 1403 1207 1468 transfugas
1242 1418 1334 1452 seu
1369 1402 1485 1452 aliis
1519 1403 1692 1452 modis
1728 1402 1919 1452 Franci

216 1485 568 1544 didiscissent,
624 1485 937 1534 estimantes
987 1485 1089 1534 hoc
1142 1501 1248 1534 uno
1298 1485 1531 1534 remedio
1579 1483 1918 1534 succurrered

217 1583 369 1632 posse
405 1568 646 1625 obsessiS,
684 1567 726 1616 si
761 1566 1065 1616 obsidentes
1099 1567 1168 1615 ad
1212 1566 1411 1615 famem
1445 1566 1717 1632 adigerent
1758 1571 1812 1615 et
1846 1566 1920 1616 eis

218 1649 386 1699 eciam
409 1649 618 1714 copiam
642 1664 851 1698 annone
873 1648 1232 1714 prohiberent,
1258 1649 1479 1697 collecta
1500 1665 1665 1698 manu
1686 1648 1920 1698 militum

217 1747 516 1789 numerosa,
551 1736 605 1780 et
637 1746 740 1796 que
771 1731 838 1780 ad
870 1730 1090 1796 triplum
1121 1730 1207 1779 vel
1236 1731 1597 1796 quadruplum
1625 1731 1919 1795 Anglorum

219 1813 512 1862 exercitum
537 1813 789 1862 excedere
813 1812 1100 1871 ferebatur,
1127 1828 1250 1861 cum
1274 1812 1472 1861 eisdem
1497 1812 1682 1877 Anglis
1708 1817 1762 1861 et
1785 1812 1918 1861 Nor-

218 1895 428 1944 mannis
467 1895 520 1943 in
560 1894 764 1960 campis
800 1894 974 1943 Belcie
1014 1894 1262 1959 congredi
1300 1898 1622 1944 statuerunt.
1664 1893 1920 1943 Videntes

218 1993 344 2026 vero
385 1976 544 2042 Angli
585 1976 864 2041 expeditas
905 1976 959 2024 in
1000 1975 1202 2040 campis
1246 1976 1586 2040 patentibuse
1626 1976 1920 2025 multorum

216 2059 424 2108 milium
451 2058 695 2124 equitum
723 2074 783 2107 ac
810 2058 1054 2122 peditum
1083 2057 1234 2116 acies,
1264 2073 1493 2122 quorum
1518 2057 1920 2122 comparacione

217 2140 413 2189 nullius
434 2156 568 2205 pene
590 2139 949 2205 reputacionis
970 2155 1080 2188 esse
1102 2138 1441 2198 videbantur,
1466 2155 1530 2188 ex
1552 2139 1659 2188 suis
1680 2139 1920 2188 curribus

218 2227 271 2271 et
296 2222 555 2272 vehiculis
581 2226 758 2271 castra
787 2221 887 2271 sibi
921 2226 1108 2270 contra
1131 2220 1394 2286 impetum
1420 2221 1745 2270 Francorum
1773 2220 1916 2285 equi-

218 2309 337 2354 tum
374 2309 537 2369 atque
575 2303 820 2369 peditum
859 2303 996 2352 acies
1034 2302 1164 2352 satis
1209 2302 1429 2367 provide
1478 2303 1716 2352 fecerunt
1755 2306 1918 2367 atque

217 2385 525 2435 munierunt
569 2390 622 2435 et
668 2386 737 2435 ad
770 2385 1180 2450 excipiendumf
1213 2385 1393 2434 hostes
1426 2400 1578 2434 arcus
1610 2389 1663 2433 et
1695 2384 1920 2449 sagittas

219 2472 382 2532 atque
411 2466 560 2517 arma
588 2472 1009 2533 preparaverunt
1020 2476 1063 2516 ἕ.
1097 2466 1214 2531 Quo
1243 2466 1403 2525 fact0‚
1435 2482 1557 2515 cum
1586 2466 1794 2515 concito
1822 2465 1917 2514 im-

219 2554 349 2615 petu
371 2549 586 2614 agmina
607 2550 933 2598 Francorum
955 2547 1200 2613 equitum
1221 2553 1398 2597 castra
1417 2548 1711 2613 Anglorum
1731 2547 1917 2596 irrum-

218 2647 340 2696 pere
380 2636 432 2680 et
473 2632 542 2680 ad
580 2647 668 2680 eos
706 2629 1063 2696 proterendoll
1105 2629 1277 2679 contis
1315 2634 1368 2678 et
1407 2629 1602 2679 lanceis
1642 2634 1919 2694 penetrare

219 2713 350 2762 totis
378 2713 582 2762 viribus
613 2713 1012 2771 contenderent,
1045 2727 1073 2760 e
1104 2711 1312 2761 diverso
1342 2711 1499 2776 Angli
1529 2711 1732 2761 vallum
1762 2725 1918 2760 suum

280 2883 320 2908 a.
344 2869 502 2909 accitis
524 2871 577 2909 P.
597 2893 656 2898 —
679 2871 715 2909 b.
739 2870 924 2909 Parisiis
945 2870 997 2909 P.
1018 2892 1078 2897 -—
1096 2881 1131 2909 c,
1153 2869 1211 2908 M
1212 2881 1354 2921 anque
1368 2881 1422 2908 en
1441 2869 1495 2908 P.
1512 2868 1626 2907 -οἰ,
1641 2867 1845 2908 succurri
1862 2868 1916 2907 P.

219 2952 277 2957 —
293 2943 328 2969 e.
348 2929 395 2968 in
412 2930 587 2982 campis
604 2930 877 2981 patentibus
895 2929 1136 2981 expeditas
1155 2929 1207 2968 P.
1225 2951 1284 2956 —
1300 2927 1331 2976 γ’.
1355 2927 1413 2968 Ce
1434 2930 1522 2968 mot
1547 2928 1660 2967 dans
1684 2928 1729 2968 la
1751 2939 1916 2980 margo,
