2071 3302
185 210 246 240 20
282 209 354 239 DE
385 206 803 239 ARMINIACORUM
835 206 945 237 CUM
977 203 1466 237 BURGUNDIONIBUS
1496 202 1792 234 CONFLICTU

184 322 401 388 justicia
429 321 716 379 mediante,
750 321 1131 376 decreverunt;
1170 323 1241 376 et,
1274 317 1401 382 quia
1437 316 1568 366 satis
1603 317 1891 365 vehemens

187 404 333 469 quod
357 408 545 452 auctor
568 407 622 452 et
646 401 934 451 mandator
957 401 1097 450 illius
1121 399 1263 449 cedis
1288 399 1399 448 dux
1422 398 1534 463 ipse
1555 397 1888 462 Burgundio-

186 501 318 535 num
351 484 618 534 extitisset
660 483 888 548 suspicio
935 499 966 531 a
998 481 1183 531 multis
1214 481 1533 538 habebatur,
1570 479 1671 529 sibi
1703 494 1889 528 consu-

186 567 300 616 lens
329 566 414 615 cui
446 581 543 615 sua
564 564 893 613 consciencia
912 579 1021 612 non
1042 563 1227 627 ignota
1247 566 1378 619 erat,
1403 560 1588 609 relicta
1610 559 1891 609 Parisiensi

188 648 335 706 urbe,
365 647 434 696 ad
459 651 627 695 terras
653 661 776 694 suas
801 644 990 694 statim
1015 643 1255 693 discessit
1272 642 1305 692 1.

258 729 451 792 Itaque
476 743 614 785 cum,
642 725 740 775 tali
765 724 1081 775 discessione
1105 725 1332 789 elapSUS‚
1359 723 1564 788 laqueis
1586 723 1764 788 legum
1789 722 1891 772 dis-

187 810 350 874 tringi
369 825 479 858 non
500 808 653 857 facile
675 811 871 872 posset,
896 806 1057 856 armis
1079 811 1132 855 et
1154 805 1400 871 potentia
1420 821 1543 870 pars
1565 820 1683 854 ceso
1705 804 1892 853 favens

188 897 241 941 et
268 907 454 941 necem
479 890 626 939 illam
653 889 833 939 ulcisci
860 889 1094 953 cupienS,
1124 888 1301 952 ipsum
1324 886 1769 952 Burgundionum
1797 886 1891 935 du-

188 988 303 1023 cem
348 976 402 1021 et
448 977 616 1020 terras
661 986 785 1020 suas
831 969 1045 1034 aggredi
1065 985 1076 1028 ;
1123 969 1235 1033 ipse
1280 984 1407 1018 vero
1452 984 1480 1017 e
1526 968 1735 1017 diverso
1781 982 1891 1016 sese

191 1055 429 1118 finesque
481 1069 604 1102 suos
655 1052 824 1101 tutari
875 1056 928 1100 et
981 1051 1328 1100 adversantes
1379 1049 1675 1114 opprimere
1729 1054 1892 1113 atque

188 1152 372 1186 eorum
394 1135 677 1184 conatibus
709 1134 965 1183 obsistere
994 1133 1370 1182 moliebantur.
1396 1132 1509 1196 Que
1531 1148 1612 1181 res
1633 1131 1893 1180 bellorum

189 1218 426 1268 civilium
457 1217 706 1281 primum,
741 1215 932 1264 deinde
963 1214 1129 1264 etiam
1159 1219 1502 1263 externorum
1534 1218 1697 1277 atque
1728 1212 1892 1261 hosti-

188 1300 320 1349 lium
352 1299 571 1348 inicium
608 1298 711 1347 fuit
737 1302 791 1346 et
817 1297 980 1362 origo,
1010 1312 1112 1360 que
1137 1312 1245 1345 non
1271 1295 1431 1344 modo
1460 1300 1640 1344 totum
1671 1310 1894 1359 regnum

189 1381 382 1446 ipsum,
423 1380 517 1429 sed
557 1379 726 1428 eciam
766 1378 970 1427 vicinas
1011 1378 1354 1442 quamplures
1395 1381 1564 1425 terras
1604 1375 1895 1424 innumeris

189 1479 324 1528 pene
371 1467 424 1511 et
472 1460 916 1510 inenarrabilibus
963 1459 1234 1524 erumpnis
1282 1463 1445 1523 atque
1494 1457 1895 1507 calamitatibus

191 1544 551 1609 adimplerunt
565 1551 606 1591 α.
644 1543 777 1592 Cum
810 1542 967 1600 enim,
1005 1546 1066 1590 ut
1099 1540 1450 1606 premisimuS,
1488 1539 1894 1589 disseminatum

190 1627 377 1676 fuisset
401 1642 495 1690 per
519 1640 702 1674 omnes
725 1640 859 1689 pene
884 1623 1133 1672 civitates
1160 1627 1214 1671 et
1248 1621 1550 1686 provincias
1577 1621 1724 1685 regni
1749 1621 1894 1686 quod

191 1713 378 1758 auctor
436 1706 882 1772 imponendorum
940 1704 1284 1770 vectigalium
1342 1709 1395 1752 et
1455 1703 1782 1752 tributorum
1840 1703 1894 1750 in

188 1806 350 1855 regno
385 1789 497 1838 dux
530 1787 993 1837 Aurelianensium
1027 1786 1310 1844 extitisset,
1348 1786 1460 1834 dux
1492 1801 1619 1834 vero
1650 1785 1893 1849 Burgun—

191 1872 412 1921 dionum
444 1887 506 1920 ea
539 1870 747 1919 abolere
781 1874 943 1933 atque
977 1869 1041 1917 de
1073 1884 1234 1932 regno
1267 1868 1449 1916 tollere
1482 1873 1535 1916 et
1568 1868 1794 1931 populos
1826 1867 1894 1915 ad

191 1953 473 2018 antiquam
513 1952 819 2001 libertatem
859 1950 1138 2000 restituere
1180 1965 1274 2014 pro
1316 1949 1519 1998 viribus
1559 1955 1894 2013 procurasset

191 2041 354 2100 atque
381 2034 681 2091 institisset,
711 2039 764 2081 et
792 2033 846 2081 in
882 2032 1215 2081 Normannia
1248 2036 1302 2080 et
1336 2031 1390 2080 in
1426 2031 1602 2095 patria
1637 2030 1895 2080 Occitana

191 2133 374 2166 omnes
393 2132 527 2180 pene
547 2115 857 2180 insigniores
876 2114 1125 2162 civitates
1144 2118 1197 2162 et
1218 2112 1379 2177 opida
1397 2117 1577 2176 partes
1597 2112 1745 2161 ducis
1762 2112 1893 2161 Bur-

190 2198 523 2264 gundionum
557 2203 735 2246 secute
769 2202 912 2254 sunt,
948 2201 1212 2260 tanquam
1256 2194 1371 2258 ejus
1412 2210 1572 2259 quem
1605 2194 1686 2243 sui
1719 2199 1895 2242 status

192 2295 252 2328 ac
289 2278 554 2327 libertatis
591 2281 1044 2342 propugnatorem
1081 2280 1393 2340 reputarent
1432 2291 1492 2324 ac
1531 2275 1892 2332 defensorem;

192 2361 569 2425 ejeceruntque
626 2359 689 2407 de
748 2358 1088 2421 Rothomago
1145 2357 1465 2420 Johannem,
1524 2356 1775 2405 comitem
1830 2356 1894 2404 de

191 2442 330 2491 Alba
362 2441 503 2489 Mala
519 2440 552 2499 2,
589 2456 711 2489 cum
743 2440 866 2497 suiS‚
895 2439 988 2503 qui
1019 2438 1218 2487 ibidem
1251 2437 1574 2487 auctoritate
1605 2438 1767 2502 regali
1799 2453 1894 2502 pro

191 2528 343 2587 parte
371 2521 832 2570 Aurelianensium
861 2521 930 2569 ad
956 2520 1257 2569 custodiam
1284 2520 1459 2568 fuerat
1487 2519 1811 2582 deputatus;
1840 2525 1894 2567 et

191 2604 390 2669 pariter
421 2603 476 2652 in
510 2603 625 2652 aliis
657 2602 971 2651 civitatibus
1003 2606 1057 2649 et
1089 2601 1233 2658 locis,
1261 2600 1353 2665 qui
1377 2605 1669 2665 potuerunt
1697 2600 1760 2648 de
1787 2600 1895 2649 suis

191 2685 484 2750 capitaneis
504 2684 813 2733 earumdem
833 2683 1070 2748 partium
1089 2683 1394 2731 effecerunt.

259 2769 330 2816 Et
366 2766 525 2831 quiab
572 2782 634 2815 ea
676 2770 998 2830 tempestate
1044 2780 1110 2812 ex
1156 2763 1400 2828 partibus
1435 2763 1892 2812 Aurelianensium

252 2937 292 2962 a.
315 2924 672 2974 adimpleverint
692 2924 745 2962 P.
765 2945 824 2951 —
847 2924 883 2963 b.
906 2927 1047 2973 atque
1067 2922 1121 2961 P.
