2071 3302
736 466 1153 517 CAPITULUM
1191 465 1327 515 VIII

348 601 636 666 QUOMODO
671 614 784 649 REx
815 601 1140 649 ANGLORUM
1173 612 1281 648 PER
1314 598 1717 648 CALETENSIUM

294 696 473 733 AGRos
511 696 572 731 IN
611 682 934 731 PICARDIAM
972 694 1091 731 CUM
1129 694 1235 730 on
1271 693 1558 729 ExERCITU
1595 693 1769 728 VENIT

251 825 380 873 Post
416 823 748 873 dedicionem
783 827 966 872 autem
1002 821 1148 887 opidi
1183 821 1256 871 sic
1290 826 1353 870 ut
1398 820 1734 886 premisimus
1777 820 1883 870 fac-

180 911 311 964 tam,
351 921 474 955 cum
509 905 623 970 jam
658 905 854 954 mensis
891 904 1124 954 octobris
1161 908 1298 953 esset
1315 903 1349 962 1,
1390 902 1706 952 deliberavit
1742 902 1885 951 idem

180 988 475 1052 Anglorum
502 1002 611 1044 rex,
643 1002 807 1050 quam
834 985 1049 1050 navigio
1077 984 1478 1050 expedicionem
1505 984 1629 1033 illuc
1657 984 1885 1033 aducxe-

181 1075 283 1128 rat,
315 1068 553 1118 terrestri
581 1068 768 1117 itinere
799 1068 868 1116 ad
897 1067 1119 1131 opidum
1147 1083 1305 1116 suum
1333 1067 1398 1115 de
1430 1066 1575 1115 Cales
1603 1066 1658 1114 in
1690 1065 1886 1114 finibus

181 1152 224 1200 F
225 1150 429 1201 landrie
459 1150 708 1199 reducere
724 1148 758 1207 2,
793 1149 836 1198 si
866 1150 1004 1198 forte
1035 1148 1390 1213 Francigenas
1421 1149 1490 1197 ad
1521 1147 1887 1197 dimicandum

181 1238 236 1282 et
271 1232 437 1298 prelio
472 1231 924 1297 congrediendum
961 1246 1251 1296 provocare
1287 1234 1341 1279 et
1379 1230 1650 1279 attrahere
1686 1234 1882 1294 posset.

181 1314 469 1364 Accinctus
506 1313 669 1378 igitur
707 1313 809 1362 iter
845 1312 953 1377 egit
992 1328 1086 1377 per
1119 1328 1272 1377 agros
1300 1311 1601 1361 Caletenses
1618 1311 1652 1370 3,
1694 1311 1886 1375 predas

182 1393 388 1458 agendo
415 1397 469 1442 et
497 1396 694 1441 cuncta
721 1391 1035 1456 diripiendo,
1065 1395 1119 1439 et
1151 1390 1369 1439 flumine
1398 1390 1687 1440 Summone
1714 1394 1886 1439 trans-

180 1474 357 1533 miss0‚
380 1474 435 1522 in
457 1473 758 1523 Picardiam
777 1473 926 1522 venit
942 1472 977 1522 4.

250 1556 472 1605 Francie
506 1571 632 1605 vero
667 1555 931 1620 principes
966 1560 1019 1604 et
1054 1554 1359 1619 optimateS‚
1398 1554 1467 1603 ad
1500 1569 1754 1618 magnam
1787 1553 1887 1603 sibi

183 1653 454 1688 cessurum
479 1637 828 1702 ignominiam
853 1641 1184 1701 reputanteS,
1211 1636 1256 1685 si
1281 1636 1458 1700 predis
1484 1641 1740 1685 onustum
1766 1651 1888 1685 cum

183 1720 523 1785 captivorum
551 1718 915 1776 multitudine,
948 1723 1063 1767 tam
1090 1718 1248 1783 longo
1277 1718 1464 1767 itinere
1493 1718 1674 1767 omnia
1702 1717 1888 1767 devas-

183 1801 351 1851 tando
374 1806 428 1850 et
451 1800 765 1865 diripiend0‚
789 1801 1001 1849 hostem
1023 1799 1168 1849 abire
1190 1800 1569 1864 permisissent,
1594 1799 1889 1849 exercitum

182 1882 517 1932 maximuma
548 1882 612 1931 de
642 1881 815 1931 tocius
841 1881 988 1946 regni
1011 1881 1296 1930 nobilitate
1324 1886 1378 1930 et
1408 1881 1679 1945 armigeris
1708 1896 1887 1945 coege-

182 1969 325 2014 runt.
360 1966 494 2013 Erat
524 1979 777 2013 numerus
794 1962 813 1991 ‘¹
845 1964 1146 2028 quadruplo
1177 1968 1231 2013 et
1262 1963 1492 2028 amplius
1521 1963 1695 2027 major
1725 1978 1890 2027 quam

184 2047 448 2096 exercitus
480 2046 808 2110 Anglorum⁶
842 2046 1096 2103 haberet;
1132 2046 1224 2095 sed
1258 2050 1399 2095 certe
1431 2045 1616 2110 Anglis
1649 2044 1889 2110 Virgilia-

184 2144 316 2178 num
334 2128 467 2177 illud
486 2127 767 2176 convenire
788 2132 1002 2191 poterat
1026 2142 1034 2176 :

491 2253 679 2310 Exigui
704 2267 918 2304 numero,
945 2254 1026 2296 sed
1052 2254 1168 2296 bello
1192 2253 1355 2296 vivida
1381 2252 1580 2296 virtus?

186 2374 425 2423 Econtra
443 2388 570 2421 vero
591 2372 797 2430 Franci,
818 2372 941 2421 licet
959 2371 1168 2422 robusti
1188 2372 1319 2422 satis
1339 2377 1392 2421 et
1415 2371 1576 2422 armis
1593 2371 1889 2436 animisque

188 2454 438 2504 instructi
460 2455 652 2512 forent,
676 2458 859 2503 tamen
880 2454 1081 2518 absque
1100 2453 1320 2502 militari
1338 2454 1521 2503 ordine
1539 2458 1592 2502 et
1612 2453 1891 2518 disciplina

189 2542 370 2601 atque,
387 2552 453 2585 ex
469 2537 629 2600 longa
646 2535 825 2600 quiete
843 2540 896 2585 et
917 2551 1063 2600 pace,
1081 2535 1322 2584 exercicii
1341 2551 1610 2588 armorum
1627 2535 1891 2600 inexperti

188 2623 357 2668 erant.
383 2617 493 2683 Ipsi
512 2617 696 2682 itaque
717 2633 783 2666 ex
803 2617 1024 2668 diversis
1044 2617 1191 2682 regni
1210 2617 1455 2682 partibus
1475 2622 1589 2666 tam
1609 2616 1889 2681 principes,

253 2781 292 2807 α.
314 2779 535 2819 magnum
553 2769 605 2807 P.
623 2790 682 2796 --
703 2768 738 2808 b.
759 2780 867 2807 nam
885 2780 1102 2808 numerus
1120 2769 1173 2808 P.
1191 2791 1250 2796 —
1265 2781 1299 2808 c.
1319 2769 1573 2820 Anglorum
1590 2768 1818 2808 exercitus
1836 2768 1889 2806 P.

259 2910 295 2938 1.
318 2898 520 2938 Octobre
545 2910 669 2949 1415.

255 2969 294 2998 2.
317 2957 467 2998 Calais
488 2958 606 2997 etait
626 2971 719 2998 aux
740 2958 928 3010 Anglais
951 2959 1112 3010 depuis
1139 2970 1264 3009 1347.
