2071 3302
211 225 303 267 106
425 234 558 278 QUID
595 238 615 263 ((
647 234 912 266 BRIGANDI
948 238 967 262 ))
1001 234 1058 265 IN
1095 234 1421 266 NORMANNIA
1454 234 1690 267 EGERINT

210 349 264 398 in
288 349 550 414 specubus
573 347 764 414 retrusi
795 351 959 414 atque
990 347 1158 397 eciam
1180 347 1342 397 variis
1365 347 1688 397 cruciatibus
1713 352 1768 398 et
1800 353 1906 397 tor-

209 430 407 481 mentis
428 430 623 489 affecti,
647 446 757 480 sese
778 434 984 496 quanta
1002 429 1350 495 pecuniarum
1370 445 1581 479 summa
1601 430 1669 479 ab
1690 429 1764 480 eis
1783 446 1906 479 con-

211 511 362 577 sequi
393 512 710 577 sperabatur
740 511 1075 561 redimerent.
1110 511 1244 560 Erat
1275 511 1330 560 in
1361 510 1529 561 foveis
1560 515 1615 560 et
1645 511 1908 577 specubus

211 598 508 643 castrorum
537 598 590 642 et
620 593 849 642 turrium
878 593 1116 642 invenire
1145 609 1405 658 pauperes
1434 593 1646 643 colonos
1675 609 1741 642 ex
1770 592 1908 659 agris

211 673 490 731 abductos,
521 672 794 721 interdum
833 672 888 721 in
915 688 1024 722 una
1057 673 1215 722 fovea
1250 676 1483 731 centum,
1514 672 1784 722 interdum
1812 673 1907 722 du-

211 760 409 814 centos,
437 759 492 804 et
518 754 644 804 alibi
669 754 886 819 quidem
910 754 1045 819 plu5‚
1075 753 1201 803 alibi
1225 753 1417 813 minus,
1446 755 1738 804 secundum
1762 754 1908 819 quod

211 838 297 886 vel
317 837 492 902 major
512 837 599 886 vel
619 836 794 886 minor
815 836 1113 902 predonum
1133 852 1387 886 numerus
1409 836 1514 886 illio
1536 837 1721 886 aderat
1741 852 1752 895 ;
1778 852 1907 901 quo-

210 935 329 968 rum
353 918 571 984 quidem
595 934 717 983 sepe
741 934 968 983 magnus
991 934 1259 977 numerus,
1286 934 1471 967 eorum
1495 918 1689 984 quibus
1713 917 1907 983 impos-

210 1000 359 1050 sibile
382 1004 532 1049 erata
558 1000 757 1065 petitas
781 1001 849 1050 ab
872 1000 946 1049 eis
968 1016 1204 1049 summas
1222 1004 1385 1065 atque
1408 999 1691 1065 requisitas
1712 999 1907 1064 persol-

209 1098 347 1140 vere,
388 1082 592 1131 nullam
628 1081 684 1131 in
721 1097 810 1132 eos
847 1081 1093 1146 prorsush
1132 1081 1547 1131 misericordiam
1584 1081 1908 1146 predonibus

209 1163 549 1222 habentibuS‚
574 1163 731 1222 fame,
758 1162 936 1212 inedia
957 1167 1012 1212 et
1037 1163 1259 1212 carceris
1287 1163 1531 1228 squalore
1557 1164 1905 1213 necabantur.

212 1246 275 1294 In
308 1244 632 1294 cruciatibus
664 1260 791 1294 vero
825 1248 878 1293 et
912 1243 1209 1303 tormentiS,
1246 1244 1347 1294 sibi
1379 1245 1448 1293 ad
1480 1244 1909 1309 extorquendum

210 1342 446 1376 summas
475 1325 797 1391 poposcitaS,
829 1325 1024 1391 quibus
1053 1341 1106 1375 se
1135 1325 1471 1384 redimerent,
1503 1325 1758 1375 adhibitis
1786 1342 1907 1391 sepe

212 1408 551 1458 deficiebant.
587 1408 764 1457 Tanta
797 1407 970 1457 rabies
1004 1407 1232 1457 avaricie
1266 1412 1320 1456 et
1354 1407 1685 1458 crudelitatis
1719 1407 1908 1457 animis

210 1489 508 1554 predonum
531 1489 814 1548 insederat,
841 1495 903 1539 ut
927 1489 1074 1539 nulla
1097 1505 1311 1554 prorsus
1333 1489 1676 1539 miseracione
1700 1489 1754 1538 in
1778 1506 1907 1555 pau-

211 1587 360 1636 peres
388 1587 449 1620 ac
476 1571 741 1636 supplices
767 1575 1125 1620 moverentur.
1157 1570 1297 1636 Quin
1323 1587 1523 1636 ymm0‚
1552 1571 1722 1620 instar
1748 1570 1907 1620 sevis-

211 1652 467 1701 simarum
497 1652 809 1711 bestiarum,
844 1652 898 1701 in
931 1652 1240 1701 innocentes
1273 1668 1334 1701 ac
1367 1652 1629 1718 supplices
1662 1668 1908 1717 agrorum

211 1735 438 1785 cultores
469 1735 637 1784 sevire
669 1735 973 1784 delectabat
1004 1735 1282 1800 plerosque
1313 1750 1378 1783 ex
1409 1734 1536 1799 ipsis
1566 1734 1905 1800 predonibus,

279 1817 462 1865 Preter
483 1831 571 1865 eos
591 1832 734 1874 ver0,
760 1816 853 1880 qui
873 1832 970 1881 pro
991 1816 1318 1865 Francorum
1339 1815 1583 1880 partibus
1604 1831 1657 1865 se
1679 1815 1907 1864 militare

211 1898 476 1956 dicebant,
508 1902 577 1956 et,
608 1898 731 1947 licet
759 1898 1071 1963 plerumque
1101 1898 1302 1962 absque
1331 1897 1512 1947 ordine
1541 1903 1594 1946 et
1623 1897 1906 1962 stipendi0‚

211 1984 392 2028 tamen
431 1979 592 2044 opida
628 1980 714 2028 vel
753 1985 928 2029 castra
973 1980 1292 2038 incolebant,
1333 1989 1466 2044 que⁶
1506 1979 1722 2029 Francis
1759 1996 1907 2044 pare-

211 2066 345 2119 rent,
376 2066 430 2109 et
457 2077 568 2110 sese
595 2078 656 2110 ac
687 2062 878 2126 predas
905 2078 1028 2111 suas
1053 2061 1108 2110 in
1135 2061 1333 2110 eisdem
1360 2062 1726 2126 receptabant,
1756 2066 1907 2110 erant

212 2142 301 2191 alii
326 2143 438 2191 sine
463 2159 684 2192 numero
711 2143 978 2208 desperati
1004 2148 1168 2208 atque
1194 2143 1389 2208 perditi
1414 2143 1669 2201 homines,
1698 2143 1790 2208 qui
1817 2158 1909 2191 seu

212 2224 452 2274 socordia
488 2240 580 2274 seu
607 2225 900 2289 Anglorum
930 2224 1052 2274 odio
1080 2225 1166 2273 vel
1204 2224 1422 2273 libidine
1459 2224 1629 2273 aliena
1668 2224 1908 2289 rapiendi

213 2320 306 2354 seu
337 2304 665 2353 consciencia
695 2304 977 2353 criminum
1008 2304 1286 2362 stimulati,
1321 2308 1382 2353 ut
1413 2304 1589 2369 legum
1620 2304 1907 2353 evaderent

211 2386 446 2451 laqueos,
486 2386 682 2435 relictis
719 2386 857 2452 agris
894 2392 947 2435 et
985 2386 1232 2435 domibus
1268 2386 1508 2451 propriis,
1547 2401 1655 2434 non
1692 2386 1909 2450 quidem

213 2464 539 2517 Francorum
583 2468 744 2533 opida
787 2484 878 2518 seu
921 2473 1097 2517 castra
1139 2467 1428 2517 incolerent
1479 2472 1573 2517 aut
1628 2467 1683 2516 in
1726 2483 1909 2516 eorum

213 2549 532 2599 exercitibus
580 2550 888 2608 militarent,
941 2551 1033 2599 sed
1080 2550 1312 2599 ferarum
1359 2566 1504 2599 more
1553 2565 1614 2598 ac
1661 2549 1909 2614 luporum

214 2630 618 2696 dempsissima“
645 2630 897 2679 silvarum
922 2635 1003 2679 ete
1026 2630 1292 2680 inaccessa
1316 2631 1431 2680 loca
1453 2631 1726 2689 tenebant,
1749 2630 1906 2691 unde,

272 2792 312 2818 α.
332 2779 549 2831 possibile
567 2792 658 2819 non
678 2783 776 2819 erat
795 2780 847 2818 P.
866 2802 924 2807 ———
947 2780 982 2819 b.
1005 2780 1205 2832 Manque
1223 2793 1275 2819 en
1295 2780 1348 2818 P.
1367 2802 1426 2807 ——
1442 2792 1476 2819 c.
1493 2779 1573 2831 qui
1592 2780 1645 2818 P.
1662 2801 1722 2806 —
1738 2780 1779 2818 d.
1799 2779 1909 2818 den-

212 2838 393 2878 sissima
411 2839 463 2878 P.
482 2861 541 2866 —
557 2851 591 2878 e.
612 2851 665 2879 ac
683 2839 736 2878 P.

212 2974 319 3011 tout
337 2972 390 3012 G.
411 2970 846 3019 Lefevre-Pontalis,
871 2966 1089 3025 Episodes
1107 2975 1157 3013 de
1174 2974 1415 3014 l'invasion
1434 2975 1651 3026 anglaise.
1669 2975 1738 3014 La
1756 2987 1908 3027 guerre
