2071 3302
226 195 321 238 250
388 194 461 226 DE
502 194 804 226 HAREFLUTI
847 194 1040 226 oppmo
1083 194 1287 225 ITERUM
1331 194 1556 227 οΒ5Ε55ο
1602 183 1762 241 (1440)

223 309 432 374 Anglici
453 309 785 368 detinebant,
810 309 956 374 quod
977 309 1347 358 difficillimum
1368 314 1483 359 erat
1504 315 1559 359 et
1579 326 1714 374 pene
1734 310 1931 375 impos-

224 390 375 440 sibile
399 391 453 440 in
477 390 580 440 illis
604 391 758 440 terris
781 390 1076 440 exercitum
1100 391 1254 450 alere,
1281 391 1496 441 eciamsi
1518 391 1662 440 mille
1686 391 1929 457 equitum

223 472 310 521 vel
355 472 771 537 quingentorum
815 472 1196 521 tantummodo
1241 472 1482 522 fuissent.
1532 472 1619 521 Ita
1662 472 1820 532 enim,
1866 478 1929 523 ut

223 553 336 618 jam
363 570 484 618 sepe
511 553 808 612 retulimus,
837 553 1135 618 predonum
1161 554 1440 619 utriusque
1467 553 1636 619 partis
1661 554 1930 619 rapacitas

225 640 388 700 atque
419 635 729 684 immanitas
761 635 941 684 omnia
971 636 1309 694 exhauserat,
1343 652 1526 685 omnes
1556 652 1623 684 ex
1654 636 1792 700 agris
1822 637 1931 686 cul-

224 722 366 766 tores
390 717 772 783 profligaverat
802 714 910 782 (etla
938 717 1218 782 presertim
1241 717 1316 766 illi
1340 717 1433 782 qui
1456 733 1522 766 ex
1539 717 1757 767 Francis
1782 717 1931 780 Scor-

224 799 478 848 ticatores
515 799 966 864 appellabantur),
1006 804 1068 848 ut
1115 799 1349 848 maxime
1396 815 1490 864 per
1527 799 1737 849 diversa
1784 800 1931 865 regni

222 881 340 930 loca
371 881 643 946 provincie
677 882 883 930 deserte
915 881 1221 946 inculteque
1253 886 1548 940 manerent,
1585 882 1931 946 quemadmo-

224 963 354 1012 dum
376 979 408 1012 a
427 963 582 1012 nobis
603 979 765 1028 supra
784 963 950 1013 lacius
970 963 1201 1012 relatum
1222 969 1318 1013 est.

804 1185 1221 1236 CAPITULUM
1259 1186 1341 1234 XI

400 1319 637 1369 OBSIDIO
677 1333 939 1370 SECUNDA
977 1320 1307 1369 HAREFLOTI
1345 1334 1418 1369 AB
1454 1321 1758 1370 ANGLICISb

758 1415 830 1450 ET
866 1414 1044 1451 1Ps1Us
1083 1415 1386 1451 ASSEcucro

291 1537 501 1585 Exacto
528 1552 655 1585 vero
683 1541 805 1601 post
833 1535 1042 1585 circiter
1067 1535 1299 1594 biennio,
1328 1537 1488 1601 Angli
1514 1538 1735 1602 opidum
1762 1537 1931 1586 Hare-

226 1618 358 1676 floti,
396 1618 542 1682 quod
575 1634 738 1682 supra
780 1618 954 1682 ripam
989 1618 1186 1668 Secane
1231 1633 1395 1683 prope
1436 1619 1529 1668 ubi
1569 1635 1714 1668 mare
1748 1619 1928 1668 influit

222 1699 387 1749 situm
434 1704 530 1758 est,
581 1699 856 1749 obsidione
904 1705 1046 1748 terra
1090 1699 1331 1764 marique
1379 1700 1726 1759 cinxerunt1;
1776 1700 1930 1764 cujus

223 1781 514 1830 obsidionis
553 1781 713 1830 duces
750 1786 903 1830 erant
942 1782 1053 1830 dux
1091 1781 1446 1831 Sumersetie2
1482 1786 1536 1831 et
1575 1781 1822 1831 dominus
1863 1782 1928 1830 de

225 1862 446 1921 Talehm,
479 1878 655 1912 comes
684 1862 1135 1913 Cherosberiensis
1150 1863 1184 1912 3.
1217 1862 1373 1927 Quod
1401 1879 1523 1912 cum
1562 1864 1701 1912 tueri
1735 1863 1929 1912 retine-

221 1960 382 2009 reque
413 1944 457 1994 si
490 1949 708 2009 possent
731 1945 888 1994 valde
919 1950 1171 2010 optarent
1194 1945 1401 2003 Franci,
1427 1961 1489 1994 eo
1524 1946 1669 2010 quod
1691 1945 1760 1994 ad
1783 1961 1928 1994 coar-

221 2026 452 2075 tandum
498 2027 901 2092 Rothomagum
947 2027 1078 2077 satis
1123 2032 1451 2091 oportunum
1508 2032 1672 2092 atque
1713 2026 1929 2076 efficaxUl

221 2116 361 2158 essee
390 2108 693 2167 videbatur,
727 2109 936 2158 duabus
965 2109 1067 2158 viis
1095 2109 1196 2157 hoc
1225 2108 1402 2173 ipsum
1431 2109 1602 2158 facere
1632 2114 1925 2174 attempta-

218 2195 362 2240 runt.

291 2272 530 2322 Primum
573 2272 806 2337 quidem,
844 2273 1065 2322 collecto
1108 2273 1337 2338 plurimo
1371 2273 1541 2322 milite
1583 2273 1683 2322 sub
1726 2273 1928 2322 ducatu

219 2354 440 2404 illustris
461 2356 741 2419 Johannis‚
765 2355 976 2404 comitis
997 2355 1264 2405 Dunensis
1278 2355 1314 2415 4,
1338 2371 1432 2420 per
1452 2371 1605 2420 agros
1626 2355 1927 2406 Caletenses

221 2452 468 2501 prorsus‚·
489 2442 551 2486 ut
588 2437 836 2496 diximus,
875 2437 1180 2501 squalentes
1215 2442 1269 2486 et
1305 2437 1541 2486 desertos
1577 2437 1927 2488 admoventes

219 2533 388 2582 usque
422 2534 585 2582 prope
619 2518 913 2583 Anglorum
947 2523 1124 2567 castra
1156 2518 1465 2577 exercitum,
1502 2518 1849 2583 explorarunt
1882 2518 1927 2568 si

222 2615 560 2664 quocumque
584 2600 745 2649 modo
771 2616 833 2649 ea
858 2600 1072 2665 aggredi
1096 2604 1150 2648 et
1176 2615 1480 2664 expugnare
1506 2605 1739 2665 possent.
1768 2600 1925 2664 Quod

221 2697 344 2731 cum
366 2681 477 2731 sine
498 2681 785 2731 manifesto
807 2681 1109 2731 discrimine
1129 2681 1374 2731 viderent
1395 2681 1613 2731 minime
1638 2682 1751 2731 fieri
1771 2697 1924 2747 posse

226 2763 397 2828 (erant
449 2763 591 2812 enim
635 2762 1003 2827 !munitissima
1048 2763 1386 2828 Francosque
1435 2763 1674 2812 maxima
1716 2763 1924 2813 victua-

283 2935 324 2960 a.
352 2924 405 2960 ut
433 2922 487 2961 P.
510 2944 569 2950 —
593 2922 630 2961 b.
656 2922 814 2973 Anglis
837 2922 891 2961 P.
914 2945 972 2949 —
992 2934 1026 2960 c.
1056 2921 1257 2961 Sumerti
1289 2920 1457 2973 corrige'
1480 2935 1533 2961 en
1559 2921 1812 2961 Sumerseti
1838 2925 1924 2973 par
