2071 3302
209 231 299 284 198
359 242 622 285 QUOMODO
657 243 715 274 IN
750 242 958 275 ANGLOS
993 241 1283 274 NORMANNI
1319 242 1763 274 REBELLAVERINT

211 356 392 406 ficiens
417 357 522 406 alia
546 357 779 422 provisio
805 373 898 406 seu
921 357 1215 406 remedium
1239 356 1512 406 videretur
1541 372 1694 421 posse
1720 357 1914 415 afferri,

208 454 301 503 per
321 438 528 503 aliquot
548 444 673 488 ante
693 454 861 488 annos
881 454 1044 503 quam
1065 439 1210 488 dicta
1228 454 1337 502 pax
1355 438 1410 487 in
1429 438 1719 487 Attrebato
1741 438 1908 497 fieret,

207 520 473 584 regalibus
501 520 689 569 edictis
715 536 809 584 per
836 525 1012 569 totam
1038 520 1427 569 Normanniam
1455 520 1723 569 sancitum
1749 525 1829 569 est
1858 524 1912 568 et

208 606 522 666 preceptum
559 606 619 650 ut
658 617 841 651 omnes
878 617 1126 666 agrorum
1174 602 1405 651 cultores
1442 618 1591 651 arma
1634 601 1736 652 sibi
1772 617 1913 650 com-

209 688 461 747 pararent
494 687 549 731 et
580 683 857 741 haberent,
893 683 1102 747 quibus.
1127 683 1377 733 instructi
1420 699 1531 733 sese
1575 689 1690 732 tam
1728 687 1917 732 contra

210 765 391 813 hostes
416 764 649 814 Francos
681 781 845 829 quam
881 770 1069 814 contra
1092 765 1422 814 latrunculos
1446 770 1500 813 et
1525 764 1785 829 predones
1808 764 1916 813 An-

209 846 322 910 glos
354 846 447 910 qui
478 846 721 896 infinitas
756 847 830 895 eis
866 847 1089 911 injurias
1127 852 1279 896 erant
1308 847 1506 896 assueti
1539 846 1769 910 irrogare
1798 861 1917 910 pos-

210 925 522 992 sent‘ftutari
545 933 709 993 atque
731 928 1013 978 defendere
1029 928 1064 978 1.

280 1010 452 1058 Erant
484 1009 626 1058 enim
657 1026 750 1074 per
782 1010 1016 1075 singulas
1046 1011 1201 1060 villas
1233 1015 1286 1059 et
1317 1010 1465 1059 vicos
1497 1009 1730 1058 ordinati
1762 1009 1918 1058 decu-

210 1090 385 1140 riones
421 1107 513 1140 seu
550 1090 753 1149 decani,
793 1091 1251 1156 quinquagenarii,
1291 1091 1643 1149 centuriones,
1681 1090 1920 1139 millena·

211 1172 290 1229 rii,
318 1177 371 1221 et
395 1172 468 1222 sic
492 1173 844 1231 ascendendO,
870 1174 970 1223 sub
994 1173 1189 1238 quibus
1212 1189 1339 1232 sese,
1366 1172 1706 1222 ecclesiarum
1729 1187 1920 1221 sonan-

213 1253 360 1302 tibus
386 1254 677 1318 campanis,
707 1254 1013 1319 colligerent
1047 1259 1100 1303 et
1138 1254 1238 1304 sub
1265 1270 1448 1303 eorum
1475 1254 1677 1303 ducatu
1703 1252 1921 1302 obviam

213 1335 475 1393 hostibus,
502 1336 595 1384 ubi
620 1352 754 1400 opus
785 1336 939 1395 foret,
966 1336 1314 1401 procederent
1338 1337 1440 1395 vel,
1467 1336 1510 1386 si
1541 1352 1664 1386 cum
1687 1335 1923 1400 Anglicis

213 1431 295 1465 res
340 1422 601 1481 ageretur,
649 1418 743 1482 qui
788 1418 1025 1482 aliquam
1070 1418 1239 1467 cuivis
1283 1418 1604 1483 irrogassent
1649 1417 1919 1482 injuriam,

213 1497 356 1561 ipsos
382 1502 633 1562 potenter
657 1515 823 1548 manu
849 1499 976 1548 forti
1003 1500 1464 1564 apprehenderent
1490 1505 1543 1548 et
1582 1500 1651 1548 ad
1682 1498 1922 1564 justicia-

213 1578 319 1628 rios
355 1579 525 1644 regios
563 1596 658 1644 pro
697 1581 961 1645 qualitate
998 1582 1384 1630 maleficiorum
1422 1581 1721 1646 puniendos
1758 1580 1922 1630 dedu-

215 1666 411 1710 cerent.
444 1662 546 1711 Sed
574 1678 636 1711 ea
663 1663 984 1727 populorum
1011 1668 1065 1712 et
1093 1663 1266 1728 patrie
1292 1664 1527 1721 libertas,
1559 1679 1667 1728 qua
1692 1662 1925 1712 insolens

213 1741 305 1791 illa
338 1748 392 1791 et
426 1743 825 1809 indisciplinata
865 1744 1065 1810 rapinis
1107 1750 1270 1810 atque
1315 1745 1523 1810 injuriis
1569 1749 1784 1794 assueta
1816 1745 1923 1793 An-

215 1824 423 1888 glorum
446 1825 679 1875 miliciaa
709 1843 740 1875 a
763 1826 1012 1876 libertate
1038 1827 1280 1892 rapiendi
1308 1832 1361 1876 et
1383 1826 1606 1892 injurias
1641 1842 1738 1891 pro
1770 1825 1926 1875 libito

217 1906 534 1972 cuicumque
568 1908 845 1967 inferendi,
883 1914 1044 1973 prout
1077 1910 1338 1958 hactenus
1373 1906 1769 1970 assueverantl',
1805 1923 1925 1972 pro—

216 1988 520 2047 hibebatur,
563 1989 690 2054 ipsis
729 1991 1055 2054 predonibus
1093 1991 1278 2055 Anglis
1316 1990 1782 2040 vehementissime
1821 1989 1926 2038 dis-

218 2070 468 2134 plicebat.
500 2072 656 2121 Unde
685 2073 873 2121 modos
901 2073 1312 2122 nefandissimos
1351 2073 1405 2121 in
1441 2072 1683 2137 pluribus
1711 2070 1926 2136 provin-

219 2151 296 2200 cie
341 2152 669 2202 Normannie
714 2154 960 2218 partibus
1011 2154 1385 2219 excogitarunt
1441 2159 1494 2203 et
1539 2153 1925 2218 practicarunt,

219 2234 414 2298 quibus
438 2235 745 2285 libertatem
768 2236 915 2285 illam
939 2236 1124 2301 populi
1148 2236 1380 2285 adimere
1405 2241 1457 2285 et
1482 2235 1655 2300 ipsam
1668 2250 1688 2270 ι·
1711 2250 1927 2299 prorsus

220 2316 556 2381 exstinguere
585 2323 638 2366 et
667 2318 1022 2367 exterminare
1050 2321 1320 2383 possentd.

290 2398 362 2446 Et
406 2398 623 2462 quidem
666 2399 944 2464 primum&
991 2400 1149 2464 juxta
1191 2400 1375 2449 villam
1419 2398 1711 2464 quamdam
1762 2413 1927 2462 prope

221 2470 607 2529 monasterium
637 2481 820 2531 Sancti
850 2482 994 2530 Petri
1022 2497 1183 2546 supra
1211 2483 1428 2546 Dyvam
1445 2481 1478 2539 2,
1509 2481 1563 2529 in
1593 2479 1807 2545 dyocesi
1836 2479 1928 2528 Sa-

221 2561 403 2626 giensi‚
432 2562 533 2627 ipsi
558 2563 781 2627 Anglici‚
818 2564 1024 2613 collecti
1050 2564 1257 2612 circiter
1289 2563 1514 2612 trecenti
1547 2568 1641 2611 aut
1675 2560 1929 2626 quadrin-

285 2731 325 2756 a.
347 2718 530 2757 malicia
547 2719 600 2757 P.
620 2741 679 2745 ——
699 2718 736 2757 b.
759 2721 1097 2757 consueverant
1115 2718 1168 2756 P.
1187 2740 1246 2744 -
1263 2729 1297 2756 c.
1318 2716 1471 2768 ipsum
1490 2716 1542 2754 P.
1558 2737 1616 2742 ——
1633 2715 1674 2753 d.
1694 2716 1852 2766 posset
1869 2713 1927 2752 P.

226 2800 289 2805 ———-
311 2789 346 2816 e.
369 2778 572 2829 primum
592 2778 782 2829 quidem
802 2778 855 2817 P.

292 2919 327 2946 1.
347 2907 414 2946 Cf.
433 2907 478 2946 la
496 2906 744 2958 Chronique
762 2907 822 2945 du
839 2904 1331 2949 Mont-Saint-Michel‚
1352 2903 1422 2942 ed.
1443 2903 1485 2942 S.
1505 2903 1640 2948 Luce,
1660 2906 1694 2941 t.
1715 2902 1735 2940 Ι
1758 2901 1927 2952 (1879),

228 2979 274 3018 p.
296 2969 351 3016 36
372 2978 379 3005 :
403 2981 418 3001 α
437 2966 508 3005 En
527 2967 594 3005 cel
611 2979 670 3005 an
689 2977 883 3005 mesmes
905 2965 1071 3016 [1434]‚
1092 2965 1156 3004 les
1173 2963 1362 3014 Anglois
1383 2963 1520 3002 firent
1537 2973 1686 3002 armer
1702 2962 1744 3001 le
1760 2960 1928 3013 peuple

227 3027 285 3066 de
310 3027 354 3065 N
357 3026 606 3066 ormendie.
633 3041 650 3062 »
675 3026 811 3072 Luce,
840 3025 920 3076 qui
945 3024 1126 3064 n'avait
1148 3035 1232 3076 pas
1256 3022 1499 3074 remarque
1523 3022 1565 3062 le
1588 3032 1794 3074 passage,
1821 3019 1929 3072 plus
