2071 3302
665 413 669 414 ⁷
727 415 1143 467 CAPITULUM
1181 416 1318 465 XXI

178 539 470 604 QUALITER
501 554 573 590 Er
601 554 714 601 ouo
744 554 903 591 MODO
933 555 1246 592 DEVENTUM
1272 552 1407 593 EST‘l
1440 557 1516 592 AD
1543 557 1877 594 TRACTATUM

247 635 403 672 PACIS
434 635 607 672 FAcTE
639 636 699 671 IN
729 623 1033 673 ATREBATo
1064 637 1236 673 INTER
1267 625 1554 674 KARoLUM
1584 638 1778 675 REGEM
1806 638 1878 675 ET

249 717 446 754 DUCEM
465 705 812 754 BURGUNDIE
829 705 863 754 1.

245 838 331 887 Ad
354 853 417 887 ea
441 837 623 904 itaque
648 854 750 904 que
775 839 921 904 pacis
945 844 1072 889 sunt
1095 844 1149 889 et
1174 856 1267 905 per
1291 856 1394 906 que
1418 840 1594 891 feralis
1617 841 1708 890 illa
1731 841 1875 891 odio-

176 935 297 968 rum
325 924 379 968 et
408 919 813 970 inimiciciarum
840 921 1013 971 rabies
1041 921 1282 987 extingui
1309 927 1504 988 posset,
1536 939 1638 988 que
1667 923 1876 973 tamdiu

178 1006 294 1050 tam
318 1002 645 1052 Francorum
669 1019 833 1068 quam
854 1004 1298 1069 Burgundionum
1323 1004 1528 1054 animos
1550 1005 1873 1070 possederat,

177 1088 239 1132 ut
280 1083 471 1134 exinde
512 1084 684 1134 tocius
724 1101 857 1149 pene
897 1086 1044 1150 regni
1084 1086 1223 1135 vires
1264 1086 1451 1135 attrite
1503 1091 1556 1135 et
1603 1086 1876 1152 deperdite

177 1165 449 1230 ipsiusque
497 1165 680 1215 totalis
727 1182 861 1231 pene
908 1167 1138 1217 vastitas
1184 1171 1239 1216 et
1287 1167 1548 1217 desolacio
1595 1173 1877 1218 consecute

177 1252 369 1306 essent,
408 1263 518 1297 sese
553 1249 832 1297 reflectens
867 1253 921 1298 et
966 1249 1240 1314 applicans
1274 1249 1417 1298 idem
1460 1250 1571 1299 dux
1603 1249 1874 1309 Borbonii,

177 1328 334 1378 simul
360 1329 528 1379 eciam
554 1334 616 1379 ut
643 1329 742 1379 sibi
769 1330 1028 1395 terrisque
1055 1331 1162 1380 suis
1188 1331 1501 1390 consuleret,
1530 1348 1663 1397 quas
1689 1336 1877 1382 contra

173 1411 618 1475 Burgundionum
642 1411 781 1462 vires
806 1412 1016 1461 difficile
1043 1413 1210 1462 tutari
1234 1413 1513 1478 potuisset,
1544 1414 1743 1463 Karolo
1767 1413 1876 1479 regi

176 1492 439 1557 persuasit
462 1498 539 1552 ut,
565 1509 660 1558 pro
683 1510 780 1543 sua
801 1494 1052 1559 regnique
1075 1495 1247 1545 tocius
1268 1496 1504 1545 utilitate
1525 1496 1872 1561 permaxima,

177 1575 247 1624 ad
271 1574 326 1623 id
351 1575 590 1624 animum
615 1576 784 1625 eciam
808 1576 1082 1625 intendere
1107 1577 1268 1627 vellet
1294 1583 1372 1637 ut,
1399 1577 1522 1627 licet
1548 1594 1678 1636 ser0,
1707 1594 1874 1643 quan-

177 1655 351 1720 doque
377 1660 558 1705 tamen
583 1657 971 1707 desolatissimo
995 1674 1155 1723 regno
1181 1659 1245 1708 de
1271 1659 1448 1724 aliquo
1473 1659 1618 1724 pacis
1641 1659 1874 1709 remedio

176 1738 551 1788 consuleretur.
587 1739 713 1788 Dies
747 1739 930 1804 itaque
965 1740 1293 1790 constitutus
1326 1741 1610 1806 locusqueb
1648 1742 1873 1790 Atreba-

175 1824 294 1868 tum
326 1824 651 1885 acceptatus‚
684 1821 753 1870 ad
781 1836 941 1885 quem
960 1821 1121 1886 legati
1143 1822 1292 1887 regis,
1321 1838 1443 1871 cum
1470 1822 1657 1888 legatis
1679 1823 1872 1889 Anglo-

173 1915 293 1948 rum
318 1900 538 1966 ipsoque
560 1902 1004 1967 Burgundionum
1026 1903 1173 1961 duce,
1202 1903 1271 1952 ad
1290 1904 1635 1953 tractandum
1657 1904 1721 1953 de
1743 1919 1872 1969 pace

174 1995 282 2029 una
309 1982 669 2031 convenirent.

243 2064 328 2112 Ad
355 2064 629 2113 condictos
656 2069 839 2113 autem
865 2069 917 2113 et
945 2065 1242 2115 destinatos
1267 2066 1443 2114 locum
1469 2070 1522 2115 et
1549 2066 1724 2115 diem2
1750 2083 1871 2116 con-

175 2150 436 2194 venerunt
465 2145 626 2210 legati
658 2145 842 2195 Karoli
869 2146 1005 2211 regis
1033 2147 1374 2205 Francorum,
1406 2147 1646 2212 prefatus
1671 2149 1871 2198 Borbo-

174 2225 249 2274 nii
279 2227 405 2285 dux,
439 2227 660 2276 comites
691 2227 956 2276 Dunensis
986 2232 1039 2276 et
1071 2227 1520 2286 Vindocinensis‘ss
1552 2245 1674 2278 cum
1710 2229 1870 2294 pluri-

174 2309 275 2357 bus
299 2308 414 2358 aliis
437 2308 563 2358 viris
587 2309 793 2374 magnis
817 2314 932 2358 tam
955 2309 1294 2358 ecclesiastici
1318 2310 1515 2359 ordinis
1539 2327 1703 2375 quam
1725 2326 1869 2360 secu-

173 2389 297 2439 laris
332 2395 523 2449 status,
562 2407 684 2440 cum
720 2390 1004 2449 tractandi,
1043 2392 1395 2456 componendi
1427 2392 1870 2458 paciscendiqued

174 2487 297 2520 cum
328 2470 571 2535 partibus
603 2472 841 2536 utrisque
874 2477 988 2520 tam
1020 2473 1313 2537 Anglorum
1344 2489 1508 2537 quam
1536 2474 1868 2538 Burgundio-

173 2568 303 2601 num
324 2553 560 2618 plenaria
579 2558 864 2618 potestate.
889 2554 1312 2619 Comparuerunt
1333 2559 1386 2602 et
1407 2554 1512 2603 illic
1531 2555 1707 2619 plures
1727 2554 1867 2619 prin-

172 2633 314 2698 cipes
335 2638 388 2682 et
410 2635 600 2699 prelati
620 2635 766 2699 regni
786 2634 988 2699 Anglie,
1013 2635 1132 2698 jura
1153 2635 1206 2683 in
1226 2650 1387 2700 regno
1408 2636 1733 2684 Francorum
1752 2651 1868 2700 pre-

231 2807 271 2832 a.
294 2795 436 2844 Lepon
452 2796 502 2834 de
520 2795 561 2833 P
574 2806 590 2839 ,·
610 2795 814 2834 deventu
839 2795 889 2834 G.
912 2818 970 2822 —
992 2795 1028 2834 b.
1052 2795 1269 2846 Locuque
1288 2793 1455 2846 corrige}
1473 2808 1526 2835 en
1546 2795 1764 2846 locusque
1783 2799 1869 2847 ραν

170 2852 362 2893 l’auteur
380 2866 434 2892 en
464 2854 514 2893 G.
536 2877 595 2881 —
615 2866 648 2894 o.
675 2854 732 2894 Ce
755 2858 841 2893 mot
864 2854 968 2894 e'crit
998 2860 1083 2906 ραν
1113 2854 1305 2893 l'auteur
1331 2855 1444 2894 dans
1466 2867 1528 2893 un
1572 2854 1697 2894 blanc
1732 2853 1868 2894 laisse'

168 2917 255 2964 ραν
277 2913 313 2952 le
335 2914 496 2964 copiste
517 2926 570 2952 en
596 2914 647 2953 G.
672 2936 731 2941 —
749 2914 789 2953 d.
809 2913 1179 2966 pacificandique
1198 2913 1252 2954 P.
