2071 3302
176 205 234 246 16
395 214 467 245 DE
501 212 934 245 AURELIANENSIS
970 212 1129 244 Ducrs
1165 211 1448 243 occrsr0NE
1487 199 1648 256 (1407)

172 329 312 378 inter
353 343 536 377 omnes
575 326 839 392 principes
877 326 1024 391 regni
1062 326 1174 390 ipse
1212 325 1480 375 maximus
1526 330 1663 375 esset
1713 325 1874 374 habe-

174 415 360 475 retque
387 409 647 474 majorem
664 413 884 473 ‘partem
908 423 1186 472 procerum
1211 407 1394 472 regnia
1422 407 1555 457 sibib
1583 407 1875 472 obsequen—

174 498 285 542 tem
314 497 367 541 et
397 492 668 549 devotam,
699 494 891 555 utpote
920 506 986 538 ex
1015 489 1168 554 cujus
1197 488 1417 538 arbitrio
1446 489 1619 538 tocius
1646 489 1793 553 regni
1821 494 1875 538 et

174 572 430 638 regalium
456 570 757 621 moderacio
785 575 949 635 atque
977 569 1376 619 administracio
1403 569 1632 634 pendere
1658 568 1875 618 videba-

174 660 278 713 tur,
307 670 414 703 non
441 654 495 703 id
522 658 647 702 ante
674 653 846 701 facere
872 657 1035 716 atque
1062 651 1284 715 exequie
1310 654 1680 715 attemptaret,
1713 665 1877 714 quam

175 737 275 786 sibi
313 736 599 785 civitatum
636 739 690 783 et
728 734 1050 799 populorum
1086 733 1233 798 regni
1271 733 1511 781 favorem
1549 747 1610 781 ac
1647 731 1877 796 gratiam

175 818 506 868 conciliasset
527 832 538 875 ;
570 815 738 866 aliasd
765 832 892 865 vero
921 815 1234 864 civitatibus
1262 819 1316 863 et
1342 813 1618 879 regnicolis
1644 813 1878 863 invisum

174 897 418 946 redderet
442 911 504 945 ac
526 902 795 945 exosume.
823 894 888 944 Id
919 900 1102 943 autem
1133 894 1233 942 hoc
1257 892 1417 942 modo
1446 893 1648 941 efficere
1676 897 1872 957 posset,

176 979 218 1028 si
251 978 526 1027 Parisiusf
557 977 821 1042 precipue,
859 992 961 1041 que
996 982 1111 1025 tam
1123 984 1150 1012 g
1182 975 1413 1023 mirabili
1443 975 1764 1039 populorum
1812 974 1877 1022 de

176 1061 321 1110 omni
366 1059 693 1117 condicione,
744 1058 927 1107 ordine
974 1063 1027 1106 et
1076 1062 1241 1115 statU,
1291 1056 1639 1105 multitudine
1680 1056 1878 1104 referta

176 1148 290 1192 erat
308 1142 332 1171 ‘²
362 1147 415 1191 et
444 1142 508 1190 de
545 1141 793 1190 omnibus
829 1139 976 1205 regni
1006 1139 1321 1188 nacionibus
1361 1154 1422 1188 ac
1463 1138 1766 1203 provinciis,
1799 1154 1876 1187 re·

176 1241 340 1290 gnum
363 1224 540 1289 ipsum
566 1223 803 1288 quodam
827 1222 976 1271 velut
1004 1221 1319 1286 compendio
1343 1220 1623 1279 referebat,
1653 1225 1707 1270 et
1733 1220 1875 1269 simi-

175 1307 296 1356 liter
322 1307 377 1355 in
405 1305 519 1355 aliis
548 1305 974 1370 quibuscumque
1001 1303 1350 1352 nobilioribus
1375 1301 1523 1367 regni
1545 1302 1874 1360 civitatibuS‚

177 1405 269 1454 per
296 1389 571 1438 biennium
596 1388 683 1436 vel
711 1387 1002 1436 triennium
1036 1390 1177 1444 ante,
1211 1401 1305 1450 per
1331 1385 1675 1450 interpositas
1702 1400 1877 1449 perso-

175 1487 272 1520 nas
297 1471 496 1535 ubique
519 1468 851 1519 disseminari
872 1469 1086 1526 faceret,
1111 1483 1164 1516 se
1185 1467 1419 1516 maxime
1438 1466 1714 1531 regnicolis
1735 1482 1876 1515 com-

177 1553 292 1618 pati
312 1557 366 1602 et
388 1552 682 1610 condolere,
712 1551 858 1616 quod
882 1555 966 1599 tot
990 1549 1207 1599 tributis
1229 1553 1282 1598 et
1303 1549 1465 1598 variis
1486 1565 1546 1598 ac
1569 1547 1876 1613 multiplici-

176 1637 276 1685 bus
297 1634 650 1699 vectigalibus
674 1638 1041 1698 premerentur
1062 1648 1071 1691 ;
1095 1647 1255 1696 seque
1279 1631 1409 1680 totis
1436 1630 1567 1680 eniti
1594 1630 1877 1680 conatibus

177 1723 254 1776 ut,
281 1733 442 1781 regno
466 1717 535 1765 ad
564 1716 815 1780 antiquas
840 1730 962 1764 suas
990 1714 1266 1763 libertates
1294 1718 1457 1778 atque
1480 1711 1877 1762 immunitatess

176 1799 445 1857 restitutO,
486 1798 734 1847 omnibus
769 1796 1141 1862 hujuscemodi
1176 1794 1593 1845 molestissimiss
1632 1794 1877 1860 gravissi-

177 1881 383 1946 misque
405 1880 777 1930 exactionibus
794 1879 1024 1944 populus
1043 1879 1327 1927 levaretur.
1357 1877 1459 1927 Sed
1486 1893 1553 1926 ne
1581 1876 1663 1926 sui
1686 1876 1878 1941 optimi

178 1980 238 2013 ac
267 1963 490 2028 piissimi
517 1962 634 2012 voti
659 1966 712 2011 et
728 1960 751 1990 '¹'
771 1962 1011 2018 affectus,
1038 1976 1199 2025 quem
1223 1959 1292 2008 ad
1317 1975 1540 2024 regnum
1564 1963 1617 2008 et
1643 1957 1876 2023 regnico-

177 2047 255 2096 las
282 2043 526 2110 gerebatl
549 2045 786 2093 fructum
812 2047 1198 2107 assequeretur,
1226 2041 1391 2106 ipsius
1415 2040 1877 2094 Aurelianensium

178 2127 328 2177 ducis
344 2132 397 2176 et
415 2142 634 2176 suorum
651 2125 790 2174 vires
808 2130 862 2174 et
881 2129 1106 2174 conatus
1125 2139 1332 2188 semper
1350 2122 1619 2172 obstitisse
1638 2126 1692 2170 et
1711 2121 1879 2171 conti-

178 2226 285 2259 nuo
314 2210 543 2266 obstare,
587 2207 730 2273 quim
762 2207 1002 2256 omnium
1032 2204 1403 2270 hujuscemodi
1432 2203 1878 2268 imponendorum

179 2297 232 2341 et
255 2292 310 2341 in
334 2291 444 2341 dies
471 2289 909 2347 excrescencium‚
936 2304 1200 2337 novorum
1223 2287 1551 2336 tributorum
1571 2291 1734 2351 atque
1758 2301 1877 2334 vec-

179 2373 424 2439 tigalium
448 2377 635 2422 auctor
658 2378 712 2421 et
742 2372 985 2420 defensor
1010 2369 1278 2419 maximus
1304 2369 1555 2418 existeret
1582 2384 1643 2417 ac
1671 2383 1878 2432 semper

179 2456 487 2505 exstitisset.

248 2539 366 2587 Hoc
384 2537 567 2601 itaque
585 2551 795 2584 rumore
812 2551 905 2600 per
922 2550 1105 2583 omnes
1125 2549 1258 2598 pene
1272 2541 1295 2561 '¹
1314 2532 1562 2581 civitates
1586 2536 1638 2580 et
1662 2531 1874 2596 provin-

180 2621 287 2670 cias
315 2618 461 2684 regni
497 2633 649 2667 aures
688 2623 1000 2681 mentesque
1029 2616 1349 2680 populorum
1378 2618 1690 2678 occupante,
1722 2618 1879 2661 tanta

179 2701 383 2751 invidia
417 2700 561 2764 apud
596 2699 790 2763 plebes,
829 2714 931 2763 que
965 2696 1334 2761 hujuscemodi
1367 2694 1680 2760 gravamina
1714 2695 1877 2743 vecti-

180 2783 378 2850 galium
403 2787 565 2846 atque
589 2780 931 2829 exactionum
956 2779 1115 2828 altius
1139 2778 1378 2828 sentiunt
1403 2782 1565 2841 atque
1589 2775 1875 2840 suspirant,

238 2951 277 2977 a.
298 2939 382 2978 Les
400 2940 509 2977 mots
528 2938 680 2990 ipse...
702 2937 829 2988 regni
847 2936 973 2976 e'crits
994 2949 1047 2976 en
1066 2947 1214 2987 marga
1236 2939 1320 2987 par
1343 2933 1533 2973 l'auteur
1560 2944 1613 2972 en
1641 2930 1876 2971 correction
