2071 3302
185 229 275 272 188
437 240 510 270 DE
546 238 680 269 PAcE
715 237 859 268 APUD
895 235 1221 267 ATREBATUM
1257 234 1426 265 FACTA
1463 221 1626 278 (1435)

183 353 567 418 impedimento
614 367 724 415 esse
771 349 1094 415 potuissent,
1144 346 1599 413 quemadmodum
1643 361 1725 395 res
1769 345 1887 410 ipsa

183 449 467 500 exposcere
489 438 543 483 et
566 432 862 483 desiderare
884 430 1171 481 videretur.

255 516 427 582 Igitur
470 513 801 580 congregatis
845 512 919 562 sic
963 512 1223 577 partibus,
1267 526 1360 577 per
1404 510 1516 560 dies
1559 509 1850 575 plurimosa
1867 509 1887 539 1

185 599 325 648 inter
359 597 592 662 singulas
627 600 807 661 partes
842 594 1017 644 multa
1049 593 1174 643 hinc
1207 592 1332 642 inde
1365 592 1554 658 petita,
1592 589 1883 657 proposita,

184 680 347 738 dicta,
393 679 622 743 allegata
663 681 827 742 atque
871 691 1125 740 responsa
1165 673 1464 739 tranqufleb
1507 673 1739 723 fuerunt.
1784 672 1887 723 Sed

184 777 309 811 cum
337 759 783 825 Burgundionum
815 758 941 816 dux,
977 761 1195 822 propter
1229 759 1598 806 sacramenta⁶
1634 753 1887 804 artissimi

186 842 378 893 federis
401 842 548 908 quod
570 857 695 891 cum
716 856 836 906 rege
860 840 1155 904 Anglorum
1178 837 1454 904 pepigerat
1465 837 1507 895 d,
1528 836 1746 886 minime
1769 851 1886 901 pos-

186 930 284 984 set,
314 924 416 974 nisi
444 940 505 973 eo
533 923 702 973 eciam
730 926 986 972 contento
1014 925 1068 970 et
1097 924 1308 986 pacat0‚
1340 920 1410 969 ad
1437 919 1590 968 fedus
1619 934 1742 968 cum
1769 933 1888 982 rege

188 1008 516 1057 Francorum
561 1005 855 1054 ineundum
901 1002 1392 1069 perficiendumque
1438 1000 1728 1066 pervenire,
1777 1004 1887 1049 stu—

188 1089 338 1138 dium
375 1104 631 1153 magnum
669 1091 723 1135 et
762 1090 1018 1135 conatum
1056 1084 1360 1134 omnimode
1398 1082 1623 1147 impedit
1662 1086 1738 1141 ut,
1781 1097 1888 1130 non

187 1171 349 1220 modo
378 1170 517 1218 inter
544 1184 721 1233 regem
750 1168 1078 1216 Francorum
1107 1170 1160 1214 et
1191 1181 1260 1224 se,
1293 1166 1386 1214 sed
1414 1164 1582 1213 eciam
1610 1163 1749 1212 inter
1779 1178 1887 1212 am-

187 1254 285 1302 bos
315 1267 460 1317 reges
490 1256 544 1300 et
574 1266 751 1316 regna,
785 1250 1059 1298 destructo
1090 1264 1151 1297 ac
1182 1247 1360 1297 diruto
1390 1247 1687 1295 inveterate
1717 1244 1888 1294 inimi-

188 1333 315 1383 cicie
342 1332 559 1397 pariete,
589 1347 697 1397 pax
723 1330 1090 1380 consiliaretur
1110 1345 1120 1388 ;
1150 1345 1257 1394 quo
1283 1327 1459 1377 medio
1485 1327 1653 1377 eciam
1680 1342 1776 1376 sua
1804 1326 1888 1375 fir-

188 1419 427 1464 maretur
448 1431 508 1463 ac
529 1413 873 1463 stabiliretur.

257 1497 413 1548 Unde
438 1496 671 1561 plurium
696 1495 947 1544 decursus
972 1494 1177 1543 dierum
1201 1493 1255 1542 in
1278 1491 1589 1556 hujusmodi
1612 1489 1889 1540 conamine

189 1579 418 1628 detritus
447 1583 543 1637 est,
576 1577 760 1643 Anglis
790 1582 873 1625 tot
903 1581 956 1625 et
987 1580 1144 1624 tanta
1173 1576 1237 1624 de
1267 1590 1427 1639 regno
1457 1575 1784 1623 Francorum
1812 1587 1889 1620 re-

189 1661 524 1726 quirentibus
568 1660 622 1708 in
667 1659 880 1723 suisque
924 1656 1380 1722 postulacionibus
1424 1660 1539 1704 tam
1587 1654 1888 1704 obstinato⁶

188 1748 242 1792 et
255 1745 284 1781 f
314 1742 574 1807 pertinaci
605 1741 783 1790 animo
814 1739 1196 1796 inherentibus,
1226 1743 1287 1788 ut
1317 1738 1462 1803 pacis
1490 1737 1723 1786 remedia
1752 1736 1890 1785 inter

189 1840 336 1890 reges
362 1828 416 1873 et
443 1839 605 1889 regna
632 1838 784 1887 posse
817 1821 1041 1871 inveniri
1074 1821 1289 1870 omnino
1320 1821 1702 1885 desperaretur.
1733 1818 1889 1883 Quod

190 1906 511 1972 perspiciens
542 1905 653 1969 ipse
682 1904 900 1953 illustris
919 1902 1362 1968 Burgundionum
1383 1902 1494 1951 dux
1514 1905 1568 1950 et
1589 1901 1735 1965 quod
1755 1900 1887 1949 mul-

189 1996 275 2038 tas
317 1987 617 2037 oblaciones
659 1987 815 2036 valde
857 1984 1219 2043 racionabiles‚
1266 1983 1523 2033 desiderio
1566 1974 1888 2032 consiliande

190 2069 337 2134 pacis
373 2069 571 2118 eisdem
607 2068 791 2133 Anglis
829 2084 860 2116 a
896 2072 1048 2132 parte
1086 2067 1412 2115 Francorum
1449 2065 1636 2122 factaS,
1675 2079 1889 2129 prorsus

191 2151 292 2216 ipsi
323 2155 765 2216 contempnerent
796 2155 850 2199 et
881 2154 1201 2206 recusarent,
1235 2164 1358 2197 cum
1389 2163 1544 2196 omne
1575 2147 1720 2211 quod
1749 2146 1805 2194 in
1836 2161 1889 2195 se

190 2238 306 2282 erat
339 2233 655 2282 inveniende
689 2232 834 2297 pacis
867 2237 921 2281 et
955 2231 1232 2280 concordie
1267 2230 1501 2294 satisque
1535 2229 1609 2278 eis
1642 2227 1824 2278 fecisse
1858 2243 1890 2276 a

190 2315 397 2365 cunctis
431 2315 709 2373 diceretur,
747 2314 964 2363 consilio
999 2318 1052 2362 et
1087 2312 1409 2362 auctoritate
1444 2311 1710 2360 dictorum
1743 2325 1887 2359 reve—

190 2397 625 2447 rendissimorum
659 2397 973 2461 legatorum,
1004 2395 1119 2453 sibi,
1150 2394 1303 2444 terris
1331 2410 1391 2442 ac
1425 2392 1655 2442 subditis
1689 2391 1797 2442 suis
1823 2392 1888 2441 de

190 2479 332 2527 bono
359 2471 504 2542 pacis
530 2493 653 2526 cum
680 2478 1006 2525 Francorum
1032 2491 1150 2540 rege
1178 2474 1458 2524 consuluit.
1489 2473 1642 2522 Tales
1668 2472 1809 2521 enim
1835 2476 1888 2521 et

190 2565 306 2608 tam
334 2561 586 2608 honestas
616 2558 717 2608 sibi
746 2558 891 2623 pacis
921 2557 1255 2607 condiciones
1284 2556 1426 2605 idem
1454 2564 1593 2604 rexg·
1612 2554 1886 2611 offerebat,

190 2642 337 2706 quod
378 2657 466 2690 eas
508 2656 774 2690 recusasse
816 2656 923 2689 non
967 2639 1127 2688 modo
1169 2638 1448 2702 injustum,
1493 2652 1680 2686 verum
1721 2635 1889 2685 eciam

190 2723 545 2773 inhumanum
566 2739 598 2772 a
618 2722 824 2772 cunctis
844 2721 1035 2770 merito
1057 2720 1254 2770 censeri
1276 2718 1554 2784 potuisset.

262 2804 579 2870 Priusquam
627 2808 809 2853 tamen
853 2804 962 2852 ulla
1008 2807 1169 2868 pacta
1186 2802 1208 2831 '1
1259 2802 1518 2859 firmaret,
1567 2798 1888 2849 auctoritate

253 2965 292 2990 a.
313 2951 535 3002 plurimos
554 2949 649 2990 dies
672 2950 724 2987 P.
747 2973 806 2977 —
833 2950 870 2988 b.
895 2949 952 2988 Ce
979 2952 1064 2988 mot
1091 2947 1195 2987 e'crit
1219 2952 1303 2998 par
1326 2947 1516 2985 l'auteur
1539 2947 1651 2985 dans
1675 2958 1737 2985 un
1763 2945 1888 2984 blano

189 3010 325 3053 laisse'
345 3016 430 3062 par
450 3011 486 3049 le
507 3009 668 3062 copiste
687 3020 739 3048 en
763 3010 815 3049 G.
835 3031 893 3036 —
911 3021 944 3048 c.
967 3009 1108 3058 Lepon
1129 3008 1178 3047 de
1198 3007 1239 3045 P
1253 3018 1268 3050 ,·
1287 3017 1466 3046 sacram
1490 3006 1540 3044 G.
1560 3027 1618 3032 —
1635 3006 1675 3044 d.
1697 3016 1888 3056 pepege—
