2071 3302
199 202 256 244 18
418 213 491 244 DE
526 212 958 244 AURELIANENSIS
994 213 1153 244 Dncrs
1190 213 1472 245 occrsIONE
1511 201 1672 257 (1407)

196 327 435 376 conflata
461 326 564 376 fuit
591 327 846 376 adversus
872 327 1178 392 prefatuma
1206 325 1666 377 Aurelianensium
1691 327 1896 376 ducem.

196 408 403 457 Tantus
430 424 556 457 vero
585 412 749 467 ambr,
779 408 952 473 gratia
979 414 1143 472 atque
1170 409 1324 457 favor
1351 408 1592 457 omnium
1618 408 1741 457 duci
1766 409 1898 458 Bur-

196 490 562 555 gundionumb
604 494 954 548 accesserunt,
999 495 1076 548 ut,
1120 489 1489 539 interfectione
1529 490 1695 554 ipsius
1735 491 1898 539 Aure-

197 571 515 621 lianensium
541 571 690 620 ducis
715 571 926 620 modico
952 576 1074 635 post
1100 576 1341 635 tempore
1367 572 1653 620 subsecuta
1668 571 1702 630 1,
1732 571 1898 620 omni-

197 654 298 703 bus
329 669 463 718 pene
493 652 807 702 civitatibus
838 658 892 701 et
923 652 1168 717 plebibus
1197 653 1359 717 regni,
1389 653 1584 717 quibus
1607 653 1899 702 execrabile

197 735 362 800 ipsius
387 751 582 783 nomen
608 751 674 783 ex
700 734 974 783 antedicto
999 750 1210 783 rumore
1235 735 1487 784 effectum
1513 735 1704 794 fuerat,
1733 751 1901 802 eavres

196 820 352 880 grata
390 820 553 880 atque
591 816 826 880 jocunda
863 815 1131 874 existeret,
1172 820 1436 880 tanquam
1472 815 1808 865 meritissime
1846 819 1900 864 et

196 898 487 962 justissime
522 898 763 947 extincto
798 897 887 946 illo
923 897 1015 962 qui
1049 913 1141 947 sue
1175 897 1440 947 libertatis
1475 914 1537 946 ac
1582 897 1804 947 salutis⁶
1845 902 1900 946 et

198 980 345 1044 regni
366 980 538 1030 tocius
558 980 803 1029 inimicus
824 979 1187 1044 permaximus
1208 995 1414 1044 semper
1435 980 1637 1029 fuisset.

781 1194 1197 1244 CAPITULUM
1237 1194 1312 1242 IV

357 1330 645 1394 QUOMODO
685 1341 972 1377 FAUTOREs
1011 1341 1178 1377 Ducis
1215 1328 1735 1377 AURELIANENSIUM

531 1424 668 1472 Ejus
708 1423 901 1459 NECEM
940 1423 1155 1459 ULcism
1195 1423 1563 1458 STATUERUNT

264 1546 464 1595 Verum
495 1544 622 1609 quia
653 1543 866 1593 dictusd
896 1543 1357 1592 Aurelianensium
1390 1543 1516 1602 dux,
1551 1543 1658 1608 qui,
1692 1548 1752 1592 ut
1787 1558 1900 1607 pre-

197 1628 476 1686 diximuse,
506 1626 561 1675 in
588 1642 749 1691 regno
777 1626 1010 1690 primum
1038 1630 1160 1690 post
1188 1641 1364 1690 regem
1391 1626 1568 1674 locum
1579 1627 1623 1683 f,
1654 1625 1818 1673 immo
1847 1630 1900 1673 et

197 1726 359 1775 supra
392 1725 585 1774 regem,
617 1708 725 1773 qui,
758 1708 954 1756 mentis
990 1707 1178 1772 impos,
1213 1707 1360 1772 regni
1394 1707 1754 1756 moderacioni
1786 1712 1899 1755 erat

196 1790 415 1849 inutilis,
457 1789 698 1854 optinere
734 1789 1036 1847 Videbatur,
1078 1805 1261 1838 omnes
1298 1789 1502 1838 ferme&
1538 1789 1802 1853 principes
1847 1794 1900 1837 et

196 1872 388 1922 milicie
419 1872 578 1921 duces
607 1870 708 1921 sibi
736 1870 1012 1920 benivolos
1042 1876 1205 1935 atque
1236 1870 1460 1919 devotos
1490 1871 1753 1929 effecerat,
1786 1871 1901 1936 ejus

197 1955 381 2004 cedem
417 1959 579 2018 atque
615 1953 1044 2001 interfectionem
1078 1953 1308 2001 inultam
1344 1952 1569 2001 transire
1604 1952 1766 2001 iidem
1801 1953 1902 2018 ipsi

196 2036 343 2101 regni
376 2036 640 2101 principes
663 2034 882 2083 minime
912 2039 1247 2083 censuerunt.
1282 2034 1381 2083 Sed
1405 2051 1500 2098 pro
1526 2035 1702 2099 legum
1729 2034 1900 2099 publi-

197 2134 381 2168 carum
405 2123 602 2175 tenore,
630 2133 733 2181 que
758 2117 1012 2165 adversus
1037 2116 1292 2165 occisores
1316 2116 1736 2164 consiliariorum
1759 2117 1900 2180 prin-

197 2200 328 2264 cipis
361 2204 414 2248 et
447 2199 562 2263 ejus
596 2198 949 2247 assidencium
981 2198 1136 2246 lateri
1168 2214 1260 2247 seu
1293 2198 1422 2247 alios
1455 2198 1623 2247 eciam
1656 2199 1901 2248 siccarios

198 2287 361 2346 atque
401 2280 696 2330 homicidas
737 2280 908 2344 posite
950 2285 1092 2337 sunt,
1137 2280 1201 2328 de
1243 2280 1551 2329 auctoribus
1592 2280 1901 2344 hujusmodi

197 2369 313 2412 tam
332 2362 562 2411 nefande
583 2361 742 2423 necis,
766 2378 868 2426 que
890 2361 1032 2410 horis
1053 2362 1328 2410 nocturnis
1352 2361 1583 2411 Parisius
1600 2361 1622 2390 '²
1646 2362 1700 2410 in
1729 2367 1901 2411 strata

198 2444 462 2510 publica2,
509 2444 638 2493 dum
680 2444 822 2492 idem
866 2444 976 2492 dux
1019 2444 1480 2492 Aurelianensium
1524 2444 1587 2492 de
1630 2444 1764 2507 regis
1808 2460 1901 2493 seu

198 2527 373 2591 regine
395 2526 596 2591 palatio
618 2525 812 2574 rediret
834 2542 956 2574 cum
978 2525 1187 2574 duobus
1208 2530 1424 2574 tantum
1446 2525 1746 2586 comitibus,
1771 2542 1900 2590 quo·

198 2625 317 2658 rum
348 2609 481 2656 alter
510 2608 781 2656 lucernam
812 2612 936 2655 ante
959 2623 1012 2655 se
1039 2607 1243 2655 ferebat
1261 2606 1294 2661 3,
1322 2623 1414 2671 per
1444 2606 1698 2655 satellites
1729 2612 1900 2657 certos

197 2690 272 2741 illi
305 2689 451 2754 operi
484 2689 780 2738 destinatos
814 2694 1032 2752 patrata
1065 2688 1183 2746 fuit,
1220 2704 1384 2752 penas
1430 2688 1638 2736 debitas
1678 2689 1897 2752 reposci,

261 2855 301 2882 a.
325 2843 525 2895 Manque
546 2855 598 2882 en
623 2843 675 2881 P.
697 2865 755 2870 ——
780 2843 816 2881 b.
838 2842 1105 2893 Burgundie
1128 2842 1179 2881 P.
1202 2865 1260 2869 —
1280 2854 1314 2880 c.
1337 2841 1499 2881 salutis
1521 2853 1573 2879 ac
1594 2840 1822 2880 libertatis
1846 2841 1897 2879 P.

199 2924 258 2930 —
284 2903 325 2941 d.
354 2902 588 2954 predictus
618 2903 670 2941 P.
700 2925 759 2929 —
784 2915 818 2941 e.
849 2901 1193 2953 supradiximus
1223 2903 1275 2940 P.
1304 2924 1362 2928 —
1389 2901 1419 2949 f.
1452 2901 1651 2953 Ilffanque
1679 2913 1731 2939 en
1762 2901 1814 2939 P.
1842 2923 1901 2927 -—

204 2975 242 3014 g.
265 2962 357 3001 fere
378 2963 430 3001 P.
452 2984 510 2989 —
529 2961 568 3000 h.
593 2961 777 3001 Parisiis
800 2963 852 3000 P.
