2071 3302
227 286 317 326 292
471 285 542 315 DE
580 283 905 315 SUFFOLCIAE
942 282 1086 313 DUCE
1122 281 1179 312 IN
1217 281 1490 312 FRANCIAM
1527 281 1682 312 MISSO

226 404 423 463 paratu
444 415 497 448 se
519 397 746 447 Turonis
764 396 1115 445 contulissent
1130 396 1165 454 1,
1183 411 1290 459 quo
1311 396 1427 443 1000
1440 395 1526 444 vel
1538 395 1592 443 in
1607 395 1932 459 quibusdam

226 481 541 546 propinquis
567 480 755 529 castris
781 478 1117 542 frequencius
1143 493 1205 526 ea
1231 482 1554 541 tempestate
1580 493 1673 525 rex
1701 477 1934 526 Karolus

227 579 281 612 se
315 568 368 612 et
403 562 606 612 curiam
639 577 793 611 suam
827 560 1064 617 tenebat,
1101 575 1319 608 causam
1352 559 1434 608 sui
1468 559 1734 608 adventus
1768 564 1933 623 atque

227 643 493 693 missionis
526 643 634 707 regi
670 642 870 690 Karolo
912 645 1252 705 aperuerunt.
1289 641 1362 689 Et
1407 656 1473 688 ex
1516 640 1682 704 ipsius
1715 639 1934 704 quidem

231 726 443 775 filiabus
485 725 680 789 (plures
717 723 859 772 enim
895 723 1151 787 habebat)
1194 722 1419 771 alteram
1455 722 1683 770 libenter
1718 721 1934 770 habuis-

229 813 382 857 senta
407 823 416 864 ;
442 807 535 856 sed
557 806 668 870 jam
692 822 724 854 a
744 805 902 869 longo
926 810 1166 869 ternpore
1189 804 1381 853 tritum
1403 804 1675 852 communi
1694 819 1934 853 sermone

229 889 378 937 velut
410 887 785 953 proverbiumb
816 903 909 951 per
940 886 1169 936 Galliam
1199 890 1314 934 erat
1352 885 1587 934 infelices
1623 885 1847 950 nupcias
1881 890 1936 933 et

229 971 494 1020 infaustos
532 971 824 1034 hymeneos
864 969 1010 1033 apud
1048 984 1270 1032 regnum
1308 967 1497 1031 Anglie
1539 967 1675 1016 filias
1714 966 1938 1015 Francie

231 1069 364 1117 pene
402 1067 609 1116 semper
645 1051 805 1100 fuisse
843 1050 1126 1114 expertas2
1163 1049 1461 1113 exindeque
1504 1065 1665 1113 regno
1715 1047 1938 1097 Francie

231 1150 453 1198 magnas
490 1133 796 1198 provenisse
834 1132 1186 1189 calamitates,
1228 1147 1350 1179 cum
1394 1130 1766 1195 hujuscemodi
1814 1145 1937 1178 con-

231 1215 501 1280 jugiorum
558 1219 811 1279 pretextu
877 1214 947 1262 ad
1014 1212 1298 1277 imperium
1357 1211 1651 1261 Galliarum
1708 1212 1937 1260 Franco-

232 1313 458 1362 rumque
491 1312 714 1361 regnum
746 1296 832 1360 jus
865 1311 919 1344 se
951 1295 1147 1343 habere
1187 1310 1334 1359 reges
1370 1294 1694 1359 Anglorum⁶
1727 1298 1937 1358 preten-

234 1379 409 1428 derint
446 1384 500 1427 et
537 1378 713 1427 adhuc
750 1378 814 1426 de
851 1378 951 1426 hoc
988 1392 1111 1426 cum
1158 1375 1376 1425 Francis
1420 1376 1752 1425 contendant
1767 1375 1802 1424 3.
1843 1375 1937 1423 Co-

234 1465 548 1526 gnoscentes
574 1475 701 1508 vero
729 1460 1003 1507 Renatum
1037 1458 1209 1508 Sicilie
1235 1474 1427 1522 regem,
1457 1457 1717 1507 sororium
1753 1455 1940 1505 Karoli

235 1543 562 1592 Francorum
592 1541 727 1606 regis
763 1540 946 1606 (ipsius
976 1540 1118 1589 enim
1149 1555 1382 1589 sororem
1411 1539 1554 1588 idem
1587 1539 1817 1594 Karolus
1846 1539 1940 1587 ha—

234 1625 398 1675 bebat
433 1639 655 1673 uxorem
669 1623 729 1688 4),
765 1623 961 1671 habere
999 1622 1165 1670 filiam
1199 1621 1370 1686 specie
1405 1626 1459 1670 et
1493 1622 1666 1670 forma
1699 1625 1941 1685 prestan-

236 1706 381 1756 tem5
415 1722 518 1770 que
552 1711 671 1754 tum
701 1710 903 1754 matura
928 1704 1034 1754 viro
1061 1704 1197 1752 foret
1223 1708 1276 1752 et
1310 1703 1478 1769 plenis
1503 1703 1702 1753 nubilis
1729 1702 1885 1752 annis
1901 1702 1938 1760 ⁶,

237 1788 306 1837 ad
325 1787 700 1852 requirendam
720 1802 839 1835 eam
860 1785 1100 1834 animum
1119 1785 1484 1834 intenderunt.

806 2009 1222 2059 CAPITULUM
1262 2009 1372 2057 XX

239 2145 532 2210 QUALITER
557 2145 927 2201 MARGARETA‚
951 2157 1101 2192 FILIA
1123 2143 1345 2191 RENAT1
1367 2142 1578 2191 CICILIE
1606 2154 1784 2199 REGIS,
1814 2154 1943 2189 DEs-

308 2240 560 2275 PoNSATA
592 2240 724 2275 FUIT
758 2227 1082 2274 ANGLORUM
1129 2237 1261 2273 REGI
1302 2237 1372 2272 ET
1406 2237 1524 2272 CUM
1568 2236 1678 2272 Hoc
1716 2236 1941 2272 TREUGE

307 2322 483 2357 FACTE
511 2321 683 2356 INTER
710 2320 888 2356 REGEs
916 2307 1169 2355 FRANcrE
1196 2319 1266 2354 ET
1291 2307 1529 2354 ANGLIE.

309 2443 478 2506 Super
501 2458 608 2505 quo
634 2441 959 2490 tractatibus
982 2441 1140 2505 longo
1165 2445 1404 2504 tempore
1429 2455 1551 2488 cum
1575 2444 1728 2503 patre
1753 2438 1942 2502 puelle,

241 2539 359 2587 rege
399 2523 591 2580 Cicilie,
632 2522 1064 2586 Andegavorum,
1107 2519 1485 2585 Lotharingied
1521 2525 1684 2584 atque
1720 2520 1943 2568 Barren-
2008 2562 2013 2567 .

241 2605 379 2655 sium
402 2605 535 2653 duce
558 2609 612 2653 et
635 2604 829 2653 comite
854 2603 1147 2661 Provincie‚
1173 2603 1332 2652 simul
1353 2602 1521 2651 eciam
1543 2617 1665 2650 cum
1687 2601 1803 2666 ipso
1825 2616 1944 2665 rege

302 2769 343 2795 α.
364 2756 605 2795 habuisset
624 2756 677 2795 P.
698 2778 758 2783 —-
781 2755 818 2794 b.
842 2755 923 2794 Ces
943 2755 1057 2794 deux
1083 2757 1192 2793 mols
1213 2755 1325 2793 dans
1352 2754 1396 2793 la
1430 2766 1592 2805 marga,
1615 2753 1665 2792 de
1685 2753 1729 2792 la
1748 2752 1873 2791 main
1894 2752 1943 2792 de

242 2815 448 2861 sautem,
470 2827 524 2855 en
550 2815 600 2854 G.
621 2838 680 2843 —
703 2828 737 2855 c.
760 2815 923 2866 Anglie
942 2815 996 2854 P.
1017 2837 1076 2842 --
1094 2814 1135 2853 d.
1158 2814 1358 2866 Manque
1378 2826 1432 2853 en
1459 2813 1509 2853 G.

310 2960 345 2987 1.
368 2949 430 2988 Le
455 2951 507 2987 10
527 2949 643 2987 avril
667 2960 792 2999 1444.

306 3019 345 3047 2.
377 3008 463 3047 Les
493 3008 724 3059 exemples
753 3008 816 3047 les
845 3008 947 3060 plus
977 3008 1156 3047 recents
1185 3007 1362 3047 etaient
1390 3007 1509 3047 alors
1539 3019 1654 3046 ceux
1683 3006 1941 3052 d'Isabelle‚
