<?xml version="1.0" encoding="UTF-8"?>
<!DOCTYPE html PUBLIC "-//W3C//DTD XHTML 1.0 Transitional//EN"
    "http://www.w3.org/TR/xhtml1/DTD/xhtml1-transitional.dtd">
<html xmlns="http://www.w3.org/1999/xhtml" xml:lang="en" lang="en">
 <head>
  <title>
</title>
<meta http-equiv="Content-Type" content="text/html;charset=utf-8" />
  <meta name='ocr-system' content='tesseract 3.04.00' />
  <meta name='ocr-capabilities' content='ocr_page ocr_carea ocr_par ocr_line ocrx_word'/>
</head>
<body>
  <div class='ocr_page' id='page_1' title='image "./histoiredecharle00basi_0286.png"; bbox 0 0 2071 3302; ppageno 0'>
   <div class='ocr_carea' id='block_1_1' title="bbox 216 210 1523 261">
    <p class='ocr_par' dir='ltr' id='par_1_1' title="bbox 216 210 1523 261">
     <span class='ocr_line' id='line_1_1' title="bbox 216 210 1523 261; baseline 0.002 -13"><span class='ocrx_word' id='word_1_1' title='bbox 216 210 311 261; x_wconf 78' lang='lat'>236</span> <span class='ocrx_word' id='word_1_2' title='bbox 615 217 686 248; x_wconf 91' lang='lat' dir='ltr'>DE</span> <span class='ocrx_word' id='word_1_3' title='bbox 723 217 1162 248; x_wconf 91' lang='lat' dir='ltr'><strong>SCORTICATORUM</strong></span> <span class='ocrx_word' id='word_1_4' title='bbox 1198 218 1523 250; x_wconf 90' lang='lat' dir='ltr'>EXCESSIBUS</span> 
     </span>
    </p>
   </div>
   <div class='ocr_carea' id='block_1_2' title="bbox 214 331 1924 2426">
    <p class='ocr_par' dir='ltr' id='par_1_2' title="bbox 214 331 1924 2426">
     <span class='ocr_line' id='line_1_2' title="bbox 214 331 1922 390; baseline 0.003 -10"><span class='ocrx_word' id='word_1_5' title='bbox 214 331 488 382; x_wconf 82' lang='lat' dir='ltr'>molestias</span> <span class='ocrx_word' id='word_1_6' title='bbox 510 331 766 382; x_wconf 82' lang='lat' dir='ltr'>studebat</span> <span class='ocrx_word' id='word_1_7' title='bbox 789 335 1053 390; x_wconf 80' lang='lat' dir='ltr'>excutere,</span> <span class='ocrx_word' id='word_1_8' title='bbox 1079 331 1134 380; x_wconf 91' lang='lat' dir='ltr'>in</span> <span class='ocrx_word' id='word_1_9' title='bbox 1157 331 1288 382; x_wconf 92' lang='lat' dir='ltr'>alios</span> <span class='ocrx_word' id='word_1_10' title='bbox 1309 336 1594 383; x_wconf 81' lang='lat' dir='ltr'>venatores</span> <span class='ocrx_word' id='word_1_11' title='bbox 1614 349 1723 383; x_wconf 96' lang='lat' dir='ltr'>non</span> <span class='ocrx_word' id='word_1_12' title='bbox 1744 333 1922 386; x_wconf 90' lang='lat' dir='ltr'>minus</span> 
     </span>
     <span class='ocr_line' id='line_1_3' title="bbox 215 406 1922 480; baseline 0.001 -17"><span class='ocrx_word' id='word_1_13' title='bbox 215 413 317 463; x_wconf 82' lang='lat' dir='ltr'>sibi</span> <span class='ocrx_word' id='word_1_14' title='bbox 338 406 684 478; x_wconf 63' lang='lat' dir='ltr'>molestosj&#39;ac</span> <span class='ocrx_word' id='word_1_15' title='bbox 701 413 1022 478; x_wconf 86' lang='lat' dir='ltr'>periculosos</span> <span class='ocrx_word' id='word_1_16' title='bbox 1045 412 1234 463; x_wconf 85' lang='lat' dir='ltr'>incidit</span> <span class='ocrx_word' id='word_1_17' title='bbox 1254 428 1266 472; x_wconf 88' lang='lat'>;</span> <span class='ocrx_word' id='word_1_18' title='bbox 1292 429 1325 463; x_wconf 93' lang='lat' dir='ltr'>a</span> <span class='ocrx_word' id='word_1_19' title='bbox 1347 413 1542 479; x_wconf 90' lang='lat' dir='ltr'>quibus</span> <span class='ocrx_word' id='word_1_20' title='bbox 1564 414 1802 480; x_wconf 92' lang='lat' dir='ltr'>undique</span> <span class='ocrx_word' id='word_1_21' title='bbox 1825 415 1922 465; x_wconf 92' lang='lat' dir='ltr'>cir-</span> 
     </span>
     <span class='ocr_line' id='line_1_4' title="bbox 215 493 1922 560; baseline 0.001 -15"><span class='ocrx_word' id='word_1_22' title='bbox 215 511 339 545; x_wconf 87' lang='lat' dir='ltr'>cum</span> <span class='ocrx_word' id='word_1_23' title='bbox 366 495 585 554; x_wconf 90' lang='lat' dir='ltr'>vallata,</span> <span class='ocrx_word' id='word_1_24' title='bbox 616 493 847 544; x_wconf 88' lang='lat' dir='ltr'>vastatis</span> <span class='ocrx_word' id='word_1_25' title='bbox 875 493 1290 560; x_wconf 85' lang='lat' dir='ltr'>circumquaque</span> <span class='ocrx_word' id='word_1_26' title='bbox 1319 494 1458 560; x_wconf 88' lang='lat' dir='ltr'>agris</span> <span class='ocrx_word' id='word_1_27' title='bbox 1485 500 1540 545; x_wconf 93' lang='lat' dir='ltr'>et</span> <span class='ocrx_word' id='word_1_28' title='bbox 1567 495 1786 546; x_wconf 89' lang='lat' dir='ltr'>nudatis</span> <span class='ocrx_word' id='word_1_29' title='bbox 1814 497 1922 547; x_wconf 93' lang='lat' dir='ltr'>cul-</span> 
     </span>
     <span class='ocr_line' id='line_1_5' title="bbox 215 574 1923 642; baseline 0.001 -17"><span class='ocrx_word' id='word_1_30' title='bbox 215 575 438 634; x_wconf 82' lang='lat' dir='ltr'>toribus,</span> <span class='ocrx_word' id='word_1_31' title='bbox 475 574 530 624; x_wconf 91' lang='lat' dir='ltr'>in</span> <span class='ocrx_word' id='word_1_32' title='bbox 564 574 729 624; x_wconf 93' lang='lat' dir='ltr'>talem</span> <span class='ocrx_word' id='word_1_33' title='bbox 762 574 958 623; x_wconf 89' lang='lat' dir='ltr'>iterum</span> <span class='ocrx_word' id='word_1_34' title='bbox 991 574 1359 624; x_wconf 80' lang='lat' dir='ltr'>calamitatem</span> <span class='ocrx_word' id='word_1_35' title='bbox 1391 575 1653 640; x_wconf 90' lang='lat' dir='ltr'>perducta</span> <span class='ocrx_word' id='word_1_36' title='bbox 1684 580 1782 635; x_wconf 91' lang='lat' dir='ltr'>est,</span> <span class='ocrx_word' id='word_1_37' title='bbox 1818 592 1923 642; x_wconf 92' lang='lat' dir='ltr'>que</span> 
     </span>
     <span class='ocr_line' id='line_1_6' title="bbox 215 655 1924 721; baseline 0.001 -15"><span class='ocrx_word' id='word_1_38' title='bbox 215 656 385 706; x_wconf 92' lang='lat' dir='ltr'>eciam</span> <span class='ocrx_word' id='word_1_39' title='bbox 429 656 505 705; x_wconf 85' lang='lat' dir='ltr'>illi</span> <span class='ocrx_word' id='word_1_40' title='bbox 549 671 730 721; x_wconf 92' lang='lat' dir='ltr'>quam,</span> <span class='ocrx_word' id='word_1_41' title='bbox 778 656 878 705; x_wconf 92' lang='lat' dir='ltr'>sub</span> <span class='ocrx_word' id='word_1_42' title='bbox 922 655 1145 720; x_wconf 91' lang='lat' dir='ltr'>imperio</span> <span class='ocrx_word' id='word_1_43' title='bbox 1188 656 1484 721; x_wconf 87' lang='lat' dir='ltr'>Anglorum</span> <span class='ocrx_word' id='word_1_44' title='bbox 1528 657 1843 717; x_wconf 88' lang='lat' dir='ltr'>constituta,</span> <span class='ocrx_word' id='word_1_45' title='bbox 1891 674 1924 707; x_wconf 89' lang='lat' dir='ltr'>a</span> 
     </span>
     <span class='ocr_line' id='line_1_7' title="bbox 216 737 1923 803; baseline 0.001 -16"><span class='ocrx_word' id='word_1_46' title='bbox 216 738 434 788; x_wconf 89' lang='lat' dir='ltr'>Francis</span> <span class='ocrx_word' id='word_1_47' title='bbox 476 737 790 803; x_wconf 87' lang='lat' dir='ltr'>pertulerat,</span> <span class='ocrx_word' id='word_1_48' title='bbox 834 753 866 786; x_wconf 92' lang='lat' dir='ltr'>a</span> <span class='ocrx_word' id='word_1_49' title='bbox 906 737 1046 787; x_wconf 91' lang='lat' dir='ltr'>veris</span> <span class='ocrx_word' id='word_1_50' title='bbox 1087 753 1265 786; x_wconf 91' lang='lat' dir='ltr'>rerum</span> <span class='ocrx_word' id='word_1_51' title='bbox 1306 738 1708 789; x_wconf 91' lang='lat' dir='ltr'>estimatoribus</span> <span class='ocrx_word' id='word_1_52' title='bbox 1749 739 1923 789; x_wconf 90' lang='lat' dir='ltr'>multo</span> 
     </span>
     <span class='ocr_line' id='line_1_8' title="bbox 217 818 1922 885; baseline 0.001 -16"><span class='ocrx_word' id='word_1_53' title='bbox 217 820 430 884; x_wconf 85' lang='lat' dir='ltr'>gravior</span> <span class='ocrx_word' id='word_1_54' title='bbox 468 825 770 885; x_wconf 89' lang='lat' dir='ltr'>putaretur.</span> <span class='ocrx_word' id='word_1_55' title='bbox 804 819 1064 884; x_wconf 89' lang='lat' dir='ltr'>Majorem</span> <span class='ocrx_word' id='word_1_56' title='bbox 1096 819 1272 868; x_wconf 67' lang='lat' dir='ltr'>enima</span> <span class='ocrx_word' id='word_1_57' title='bbox 1306 818 1393 869; x_wconf 72' lang='lat' dir='ltr'>inb</span> <span class='ocrx_word' id='word_1_58' title='bbox 1424 836 1643 870; x_wconf 91' lang='lat' dir='ltr'>suorum</span> <span class='ocrx_word' id='word_1_59' title='bbox 1671 830 1922 872; x_wconf 77' lang='lat' dir='ltr'>numero⁶</span> 
     </span>
     <span class='ocr_line' id='line_1_9' title="bbox 215 901 1923 967; baseline 0.001 -16"><span class='ocrx_word' id='word_1_60' title='bbox 215 901 416 952; x_wconf 92' lang='lat' dir='ltr'>civium</span> <span class='ocrx_word' id='word_1_61' title='bbox 444 904 638 967; x_wconf 84' lang='lat' dir='ltr'>passad</span> <span class='ocrx_word' id='word_1_62' title='bbox 668 907 749 953; x_wconf 88' lang='lat' dir='ltr'>est</span> <span class='ocrx_word' id='word_1_63' title='bbox 779 901 1211 960; x_wconf 91' lang='lat' dir='ltr'>diminucionem,</span> <span class='ocrx_word' id='word_1_64' title='bbox 1239 907 1459 967; x_wconf 91' lang='lat' dir='ltr'>propter</span> <span class='ocrx_word' id='word_1_65' title='bbox 1487 918 1697 953; x_wconf 93' lang='lat' dir='ltr'>annone</span> <span class='ocrx_word' id='word_1_66' title='bbox 1731 903 1923 953; x_wconf 88' lang='lat' dir='ltr'>carita-</span> 
     </span>
     <span class='ocr_line' id='line_1_10' title="bbox 215 983 1743 1048; baseline 0.002 -15"><span class='ocrx_word' id='word_1_67' title='bbox 215 988 328 1033; x_wconf 87' lang='lat' dir='ltr'>tem</span> <span class='ocrx_word' id='word_1_68' title='bbox 350 988 405 1033; x_wconf 89' lang='lat' dir='ltr'>et</span> <span class='ocrx_word' id='word_1_69' title='bbox 427 984 700 1034; x_wconf 83' lang='lat' dir='ltr'>molestias</span> <span class='ocrx_word' id='word_1_70' title='bbox 723 983 981 1042; x_wconf 92' lang='lat' dir='ltr'>infinitas,</span> <span class='ocrx_word' id='word_1_71' title='bbox 1008 999 1173 1048; x_wconf 89' lang='lat' dir='ltr'>quam</span> <span class='ocrx_word' id='word_1_72' title='bbox 1195 985 1456 1034; x_wconf 88' lang='lat' dir='ltr'>hactenus</span> <span class='ocrx_word' id='word_1_73' title='bbox 1479 985 1690 1035; x_wconf 81' lang='lat' dir='ltr'>fecisset</span> <span class='ocrx_word' id='word_1_74' title='bbox 1705 985 1743 1037; x_wconf 85' lang='lat'>1.</span> 
     </span>
     <span class='ocr_line' id='line_1_11' title="bbox 285 1065 1923 1132; baseline 0.001 -18"><span class='ocrx_word' id='word_1_75' title='bbox 285 1066 586 1116; x_wconf 91' lang='lat' dir='ltr'>Permansit</span> <span class='ocrx_word' id='word_1_76' title='bbox 616 1070 800 1115; x_wconf 91' lang='lat' dir='ltr'>autem</span> <span class='ocrx_word' id='word_1_77' title='bbox 828 1065 883 1114; x_wconf 93' lang='lat' dir='ltr'>in</span> <span class='ocrx_word' id='word_1_78' title='bbox 912 1081 975 1114; x_wconf 92' lang='lat' dir='ltr'>ea</span> <span class='ocrx_word' id='word_1_79' title='bbox 1002 1065 1215 1115; x_wconf 89' lang='lat' dir='ltr'>miseria</span> <span class='ocrx_word' id='word_1_80' title='bbox 1243 1066 1603 1116; x_wconf 89' lang='lat' dir='ltr'>invalescente</span> <span class='ocrx_word' id='word_1_81' title='bbox 1632 1083 1840 1132; x_wconf 91' lang='lat' dir='ltr'>semper</span> <span class='ocrx_word' id='word_1_82' title='bbox 1867 1067 1923 1116; x_wconf 92' lang='lat' dir='ltr'>in</span> 
     </span>
     <span class='ocr_line' id='line_1_12' title="bbox 215 1146 1924 1214; baseline 0.001 -18"><span class='ocrx_word' id='word_1_83' title='bbox 215 1147 449 1197; x_wconf 92' lang='lat' dir='ltr'>deterius</span> <span class='ocrx_word' id='word_1_84' title='bbox 473 1164 567 1212; x_wconf 93' lang='lat' dir='ltr'>per</span> <span class='ocrx_word' id='word_1_85' title='bbox 590 1163 758 1197; x_wconf 90' lang='lat' dir='ltr'>annos</span> <span class='ocrx_word' id='word_1_86' title='bbox 781 1146 998 1205; x_wconf 81' lang='lat' dir='ltr'>multos,</span> <span class='ocrx_word' id='word_1_87' title='bbox 1025 1163 1148 1196; x_wconf 92' lang='lat' dir='ltr'>cum</span> <span class='ocrx_word' id='word_1_88' title='bbox 1170 1147 1348 1197; x_wconf 87' lang='lat' dir='ltr'>nullus</span> <span class='ocrx_word' id='word_1_89' title='bbox 1372 1148 1502 1197; x_wconf 94' lang='lat' dir='ltr'>ordo</span> <span class='ocrx_word' id='word_1_90' title='bbox 1527 1164 1620 1198; x_wconf 91' lang='lat' dir='ltr'>seu</span> <span class='ocrx_word' id='word_1_91' title='bbox 1643 1148 1924 1214; x_wconf 89' lang='lat' dir='ltr'>disciplina</span> 
     </span>
     <span class='ocr_line' id='line_1_13' title="bbox 215 1227 1923 1294; baseline 0.001 -17"><span class='ocrx_word' id='word_1_92' title='bbox 215 1227 566 1294; x_wconf 63' lang='lat' dir='ltr'>in&#39;]armigeris</span> <span class='ocrx_word' id='word_1_93' title='bbox 591 1228 813 1278; x_wconf 91' lang='lat' dir='ltr'>Francie</span> <span class='ocrx_word' id='word_1_94' title='bbox 837 1233 1195 1278; x_wconf 83' lang='lat' dir='ltr'>servarentur.</span> <span class='ocrx_word' id='word_1_95' title='bbox 1221 1229 1393 1278; x_wconf 91' lang='lat' dir='ltr'>Erant</span> <span class='ocrx_word' id='word_1_96' title='bbox 1418 1229 1617 1294; x_wconf 90' lang='lat' dir='ltr'>quippe</span> <span class='ocrx_word' id='word_1_97' title='bbox 1641 1229 1753 1279; x_wconf 92' lang='lat' dir='ltr'>sine</span> <span class='ocrx_word' id='word_1_98' title='bbox 1777 1234 1923 1279; x_wconf 92' lang='lat' dir='ltr'>certo</span> 
     </span>
     <span class='ocr_line' id='line_1_14' title="bbox 214 1310 1922 1376; baseline 0 -16"><span class='ocrx_word' id='word_1_99' title='bbox 214 1326 437 1360; x_wconf 91' lang='lat' dir='ltr'>numero</span> <span class='ocrx_word' id='word_1_100' title='bbox 463 1315 518 1360; x_wconf 92' lang='lat' dir='ltr'>et</span> <span class='ocrx_word' id='word_1_101' title='bbox 554 1310 845 1376; x_wconf 73' lang='lat' dir='ltr'>stipendio⁶</span> <span class='ocrx_word' id='word_1_102' title='bbox 871 1310 1071 1375; x_wconf 91' lang='lat' dir='ltr'>ubique</span> <span class='ocrx_word' id='word_1_103' title='bbox 1096 1315 1357 1376; x_wconf 85' lang='lat' dir='ltr'>vagantes</span> <span class='ocrx_word' id='word_1_104' title='bbox 1388 1327 1482 1376; x_wconf 92' lang='lat' dir='ltr'>per</span> <span class='ocrx_word' id='word_1_105' title='bbox 1502 1327 1725 1376; x_wconf 86' lang='lat' dir='ltr'>regnum</span> <span class='ocrx_word' id='word_1_106' title='bbox 1751 1327 1922 1361; x_wconf 91' lang='lat' dir='ltr'>arma·</span> 
     </span>
     <span class='ocr_line' id='line_1_15' title="bbox 216 1392 1923 1458; baseline 0 -16"><span class='ocrx_word' id='word_1_107' title='bbox 216 1398 396 1442; x_wconf 86' lang='lat' dir='ltr'>torum</span> <span class='ocrx_word' id='word_1_108' title='bbox 435 1397 626 1452; x_wconf 88' lang='lat' dir='ltr'>turme,</span> <span class='ocrx_word' id='word_1_109' title='bbox 668 1393 761 1458; x_wconf 92' lang='lat' dir='ltr'>qui</span> <span class='ocrx_word' id='word_1_110' title='bbox 800 1393 869 1442; x_wconf 96' lang='lat' dir='ltr'>ob</span> <span class='ocrx_word' id='word_1_111' title='bbox 906 1392 1275 1442; x_wconf 89' lang='lat' dir='ltr'>immanitates</span> <span class='ocrx_word' id='word_1_112' title='bbox 1313 1393 1569 1443; x_wconf 89' lang='lat' dir='ltr'>scelerum</span> <span class='ocrx_word' id='word_1_113' title='bbox 1607 1397 1661 1442; x_wconf 89' lang='lat' dir='ltr'>et</span> <span class='ocrx_word' id='word_1_114' title='bbox 1700 1393 1923 1443; x_wconf 92' lang='lat' dir='ltr'>crudeli-</span> 
     </span>
     <span class='ocr_line' id='line_1_16' title="bbox 215 1474 1922 1540; baseline 0.001 -17"><span class='ocrx_word' id='word_1_115' title='bbox 215 1478 373 1533; x_wconf 91' lang='lat' dir='ltr'>tates,</span> <span class='ocrx_word' id='word_1_116' title='bbox 409 1491 543 1539; x_wconf 91' lang='lat' dir='ltr'>quas</span> <span class='ocrx_word' id='word_1_117' title='bbox 574 1475 628 1524; x_wconf 92' lang='lat' dir='ltr'>in</span> <span class='ocrx_word' id='word_1_118' title='bbox 660 1479 867 1524; x_wconf 90' lang='lat' dir='ltr'>suemet</span> <span class='ocrx_word' id='word_1_119' title='bbox 899 1474 1071 1539; x_wconf 91' lang='lat' dir='ltr'>patrie</span> <span class='ocrx_word' id='word_1_120' title='bbox 1103 1479 1158 1524; x_wconf 94' lang='lat' dir='ltr'>et</span> <span class='ocrx_word' id='word_1_121' title='bbox 1188 1474 1427 1524; x_wconf 91' lang='lat' dir='ltr'>nacionis</span> <span class='ocrx_word' id='word_1_122' title='bbox 1458 1475 1684 1540; x_wconf 90' lang='lat' dir='ltr'>populos</span> <span class='ocrx_word' id='word_1_123' title='bbox 1715 1491 1922 1524; x_wconf 87' lang='lat' dir='ltr'>exerce-</span> 
     </span>
     <span class='ocr_line' id='line_1_17' title="bbox 215 1556 1921 1622; baseline 0.001 -17"><span class='ocrx_word' id='word_1_124' title='bbox 215 1557 366 1615; x_wconf 89' lang='lat' dir='ltr'>bant,</span> <span class='ocrx_word' id='word_1_125' title='bbox 400 1557 602 1622; x_wconf 91' lang='lat' dir='ltr'>absque</span> <span class='ocrx_word' id='word_1_126' title='bbox 631 1557 740 1606; x_wconf 89' lang='lat' dir='ltr'>ulla</span> <span class='ocrx_word' id='word_1_127' title='bbox 768 1556 1113 1605; x_wconf 88' lang='lat' dir='ltr'>miseracione</span> <span class='ocrx_word' id='word_1_128' title='bbox 1142 1556 1380 1606; x_wconf 91' lang='lat' dir='ltr'>laniones</span> <span class='ocrx_word' id='word_1_129' title='bbox 1410 1573 1503 1606; x_wconf 88' lang='lat' dir='ltr'>seu</span> <span class='ocrx_word' id='word_1_130' title='bbox 1532 1556 1921 1615; x_wconf 81' lang='lat' dir='ltr'>scorticatoreS,</span> 
     </span>
     <span class='ocr_line' id='line_1_18' title="bbox 215 1637 1923 1703; baseline 0.001 -17"><span class='ocrx_word' id='word_1_131' title='bbox 215 1638 375 1702; x_wconf 85' lang='lat' dir='ltr'>juxta</span> <span class='ocrx_word' id='word_1_132' title='bbox 429 1639 577 1703; x_wconf 84' lang='lat' dir='ltr'>vulgi</span> <span class='ocrx_word' id='word_1_133' title='bbox 633 1638 978 1696; x_wconf 91' lang='lat' dir='ltr'>locucionem,</span> <span class='ocrx_word' id='word_1_134' title='bbox 1040 1638 1467 1702; x_wconf 86' lang='lat' dir='ltr'>appellabantur.</span> <span class='ocrx_word' id='word_1_135' title='bbox 1528 1637 1724 1688; x_wconf 91' lang='lat' dir='ltr'>Omnia</span> <span class='ocrx_word' id='word_1_136' title='bbox 1779 1638 1923 1687; x_wconf 91' lang='lat' dir='ltr'>enirn</span> 
     </span>
     <span class='ocr_line' id='line_1_19' title="bbox 215 1720 1922 1778; baseline 0 -10"><span class='ocrx_word' id='word_1_137' title='bbox 215 1736 401 1769; x_wconf 91' lang='lat' dir='ltr'>revera</span> <span class='ocrx_word' id='word_1_138' title='bbox 430 1720 782 1778; x_wconf 88' lang='lat' dir='ltr'>dilaniabant,</span> <span class='ocrx_word' id='word_1_139' title='bbox 817 1720 1099 1769; x_wconf 91' lang='lat' dir='ltr'>domorum</span> <span class='ocrx_word' id='word_1_140' title='bbox 1128 1724 1274 1768; x_wconf 88' lang='lat' dir='ltr'>tecta</span> <span class='ocrx_word' id='word_1_141' title='bbox 1303 1720 1662 1769; x_wconf 92' lang='lat' dir='ltr'>convellentes</span> <span class='ocrx_word' id='word_1_142' title='bbox 1691 1736 1785 1769; x_wconf 93' lang='lat' dir='ltr'>seu</span> <span class='ocrx_word' id='word_1_143' title='bbox 1814 1720 1922 1769; x_wconf 76' lang='lat' dir='ltr'>fus-</span> 
     </span>
     <span class='ocr_line' id='line_1_20' title="bbox 216 1801 1922 1867; baseline 0.001 -17"><span class='ocrx_word' id='word_1_144' title='bbox 216 1801 378 1860; x_wconf 89' lang='lat' dir='ltr'>tibus,</span> <span class='ocrx_word' id='word_1_145' title='bbox 402 1806 665 1867; x_wconf 91' lang='lat' dir='ltr'>tanquam</span> <span class='ocrx_word' id='word_1_146' title='bbox 689 1801 924 1866; x_wconf 86' lang='lat' dir='ltr'>flagellis,</span> <span class='ocrx_word' id='word_1_147' title='bbox 947 1806 1299 1851; x_wconf 91' lang='lat' dir='ltr'>conterentes.</span> <span class='ocrx_word' id='word_1_148' title='bbox 1323 1801 1530 1851; x_wconf 84' lang='lat' dir='ltr'>Excisis</span> <span class='ocrx_word' id='word_1_149' title='bbox 1550 1802 1718 1851; x_wconf 92' lang='lat' dir='ltr'>eciam</span> <span class='ocrx_word' id='word_1_150' title='bbox 1739 1802 1922 1851; x_wconf 94' lang='lat' dir='ltr'>domo-</span> 
     </span>
     <span class='ocr_line' id='line_1_21' title="bbox 215 1883 1923 1949; baseline 0 -17"><span class='ocrx_word' id='word_1_151' title='bbox 215 1899 335 1932; x_wconf 90' lang='lat' dir='ltr'>rum</span> <span class='ocrx_word' id='word_1_152' title='bbox 361 1883 606 1947; x_wconf 89' lang='lat' dir='ltr'>postibus</span> <span class='ocrx_word' id='word_1_153' title='bbox 631 1900 724 1933; x_wconf 92' lang='lat' dir='ltr'>seu</span> <span class='ocrx_word' id='word_1_154' title='bbox 749 1883 1063 1949; x_wconf 91' lang='lat' dir='ltr'>columpnis,</span> <span class='ocrx_word' id='word_1_155' title='bbox 1091 1883 1226 1932; x_wconf 79' lang='lat' dir='ltr'>nisis</span> <span class='ocrx_word' id='word_1_156' title='bbox 1251 1899 1347 1948; x_wconf 89' lang='lat' dir='ltr'>pro</span> <span class='ocrx_word' id='word_1_157' title='bbox 1373 1899 1557 1932; x_wconf 90' lang='lat' dir='ltr'>eorum</span> <span class='ocrx_word' id='word_1_158' title='bbox 1581 1884 1864 1933; x_wconf 89' lang='lat' dir='ltr'>voluntate</span> <span class='ocrx_word' id='word_1_159' title='bbox 1890 1899 1923 1932; x_wconf 90' lang='lat' dir='ltr'>a</span> 
     </span>
     <span class='ocr_line' id='line_1_22' title="bbox 217 1954 1922 2030; baseline 0.001 -17"><span class='ocrx_word' id='word_1_160' title='bbox 217 1965 446 2014; x_wconf 90' lang='lat' dir='ltr'>dominis</span> <span class='ocrx_word' id='word_1_161' title='bbox 475 1981 705 2030; x_wconf 91' lang='lat' dir='ltr'>quorum</span> <span class='ocrx_word' id='word_1_162' title='bbox 732 1965 864 2030; x_wconf 86' lang='lat' dir='ltr'>juris</span> <span class='ocrx_word' id='word_1_163' title='bbox 894 1972 1069 2015; x_wconf 90' lang='lat' dir='ltr'>essent</span> <span class='ocrx_word' id='word_1_164' title='bbox 1098 1965 1500 2023; x_wconf 91' lang='lat' dir='ltr'>redimerentur,</span> <span class='ocrx_word' id='word_1_165' title='bbox 1533 1981 1621 2014; x_wconf 92' lang='lat' dir='ltr'>eas</span> <span class='ocrx_word' id='word_1_166' title='bbox 1651 1954 1721 2014; x_wconf 91' lang='lat' dir='ltr'>ad</span> <span class='ocrx_word' id='word_1_167' title='bbox 1749 1965 1922 2015; x_wconf 91' lang='lat' dir='ltr'>solum</span> 
     </span>
     <span class='ocr_line' id='line_1_23' title="bbox 216 2046 1923 2112; baseline 0.001 -17"><span class='ocrx_word' id='word_1_168' title='bbox 216 2047 518 2105; x_wconf 91' lang='lat' dir='ltr'>diruebant,</span> <span class='ocrx_word' id='word_1_169' title='bbox 547 2047 692 2096; x_wconf 91' lang='lat' dir='ltr'>omni</span> <span class='ocrx_word' id='word_1_170' title='bbox 716 2047 1026 2098; x_wconf 89' lang='lat' dir='ltr'>substancia</span> <span class='ocrx_word' id='word_1_171' title='bbox 1049 2063 1309 2112; x_wconf 91' lang='lat' dir='ltr'>pauperes</span> <span class='ocrx_word' id='word_1_172' title='bbox 1334 2052 1498 2112; x_wconf 90' lang='lat' dir='ltr'>atque</span> <span class='ocrx_word' id='word_1_173' title='bbox 1521 2047 1801 2112; x_wconf 89' lang='lat' dir='ltr'>supplices,</span> <span class='ocrx_word' id='word_1_174' title='bbox 1829 2046 1923 2112; x_wconf 91' lang='lat' dir='ltr'>qui</span> 
     </span>
     <span class='ocr_line' id='line_1_24' title="bbox 216 2128 1921 2193; baseline 0 -16"><span class='ocrx_word' id='word_1_175' title='bbox 216 2145 270 2178; x_wconf 89' lang='lat' dir='ltr'>se</span> <span class='ocrx_word' id='word_1_176' title='bbox 305 2129 466 2178; x_wconf 90' lang='lat' dir='ltr'>armis</span> <span class='ocrx_word' id='word_1_177' title='bbox 501 2129 756 2179; x_wconf 89' lang='lat' dir='ltr'>adversus</span> <span class='ocrx_word' id='word_1_178' title='bbox 790 2146 974 2179; x_wconf 91' lang='lat' dir='ltr'>eorum</span> <span class='ocrx_word' id='word_1_179' title='bbox 1008 2128 1260 2178; x_wconf 90' lang='lat' dir='ltr'>seviciam</span> <span class='ocrx_word' id='word_1_180' title='bbox 1294 2129 1432 2178; x_wconf 91' lang='lat' dir='ltr'>tueri</span> <span class='ocrx_word' id='word_1_181' title='bbox 1465 2128 1683 2177; x_wconf 91' lang='lat' dir='ltr'>minime</span> <span class='ocrx_word' id='word_1_182' title='bbox 1717 2128 1921 2193; x_wconf 88' lang='lat' dir='ltr'>potuis-</span> 
     </span>
     <span class='ocr_line' id='line_1_25' title="bbox 216 2210 1923 2276; baseline 0.001 -17"><span class='ocrx_word' id='word_1_183' title='bbox 216 2215 351 2269; x_wconf 91' lang='lat' dir='ltr'>sent,</span> <span class='ocrx_word' id='word_1_184' title='bbox 379 2210 725 2275; x_wconf 49' lang='lat' dir='ltr'>nudantes&#39;jet</span> <span class='ocrx_word' id='word_1_185' title='bbox 750 2212 920 2261; x_wconf 93' lang='lat' dir='ltr'>veluti</span> <span class='ocrx_word' id='word_1_186' title='bbox 944 2212 1078 2276; x_wconf 94' lang='lat' dir='ltr'>pelle</span> <span class='ocrx_word' id='word_1_187' title='bbox 1104 2211 1321 2260; x_wconf 91' lang='lat' dir='ltr'>omnino</span> <span class='ocrx_word' id='word_1_188' title='bbox 1346 2210 1637 2275; x_wconf 88' lang='lat' dir='ltr'>spoliantes</span> <span class='ocrx_word' id='word_1_189' title='bbox 1665 2226 1674 2260; x_wconf 76' lang='lat' dir='ltr'>z</span> <span class='ocrx_word' id='word_1_190' title='bbox 1702 2215 1923 2275; x_wconf 91' lang='lat' dir='ltr'>propter</span> 
     </span>
     <span class='ocr_line' id='line_1_26' title="bbox 217 2292 1921 2358; baseline -0.001 -16"><span class='ocrx_word' id='word_1_191' title='bbox 217 2293 363 2358; x_wconf 95' lang='lat' dir='ltr'>quod</span> <span class='ocrx_word' id='word_1_192' title='bbox 401 2298 808 2358; x_wconf 90' lang='lat' dir='ltr'>promeruerunt</span> <span class='ocrx_word' id='word_1_193' title='bbox 848 2294 1115 2344; x_wconf 82' lang='lat' dir='ltr'>famosum</span> <span class='ocrx_word' id='word_1_194' title='bbox 1155 2293 1287 2342; x_wconf 93' lang='lat' dir='ltr'>illud</span> <span class='ocrx_word' id='word_1_195' title='bbox 1326 2292 1782 2342; x_wconf 61' lang='lat' dir='ltr'>Scorticatorumg</span> <span class='ocrx_word' id='word_1_196' title='bbox 1827 2307 1921 2342; x_wconf 89' lang='lat' dir='ltr'>seu</span> 
     </span>
     <span class='ocr_line' id='line_1_27' title="bbox 216 2373 1646 2426; baseline 0.001 -2"><span class='ocrx_word' id='word_1_197' title='bbox 216 2375 629 2425; x_wconf 87' lang='lat' dir='ltr'>Excoriatorum</span> <span class='ocrx_word' id='word_1_198' title='bbox 648 2376 735 2425; x_wconf 93' lang='lat' dir='ltr'>vel</span> <span class='ocrx_word' id='word_1_199' title='bbox 754 2376 1056 2426; x_wconf 90' lang='lat' dir='ltr'>Lanionum</span> <span class='ocrx_word' id='word_1_200' title='bbox 1075 2391 1270 2425; x_wconf 91' lang='lat' dir='ltr'>nomen</span> <span class='ocrx_word' id='word_1_201' title='bbox 1291 2390 1352 2424; x_wconf 93' lang='lat' dir='ltr'>ac</span> <span class='ocrx_word' id='word_1_202' title='bbox 1372 2373 1594 2424; x_wconf 92' lang='lat' dir='ltr'>titulum</span> <span class='ocrx_word' id='word_1_203' title='bbox 1609 2373 1646 2425; x_wconf 84' lang='lat'>2.</span> 
     </span>
    </p>
   </div>
   <div class='ocr_carea' id='block_1_3' title="bbox 279 2534 1918 2587">
    <p class='ocr_par' dir='ltr' id='par_1_3' title="bbox 279 2534 1918 2587">
     <span class='ocr_line' id='line_1_28' title="bbox 279 2534 1918 2587; baseline 0 -13"><span class='ocrx_word' id='word_1_204' title='bbox 279 2547 319 2574; x_wconf 89' lang='lat' dir='ltr'>a.</span> <span class='ocrx_word' id='word_1_205' title='bbox 343 2534 400 2574; x_wconf 79' lang='lat' dir='ltr'>Ce</span> <span class='ocrx_word' id='word_1_206' title='bbox 419 2538 505 2574; x_wconf 81' lang='lat' dir='ltr'>mot</span> <span class='ocrx_word' id='word_1_207' title='bbox 519 2536 631 2574; x_wconf 79' lang='lat' dir='ltr'>dans</span> <span class='ocrx_word' id='word_1_208' title='bbox 646 2535 691 2574; x_wconf 84' lang='lat' dir='ltr'>la</span> <span class='ocrx_word' id='word_1_209' title='bbox 709 2548 872 2587; x_wconf 76' lang='lat' dir='ltr'>marge,</span> <span class='ocrx_word' id='word_1_210' title='bbox 890 2535 998 2575; x_wconf 82' lang='lat' dir='ltr'>dela</span> <span class='ocrx_word' id='word_1_211' title='bbox 1013 2535 1138 2574; x_wconf 78' lang='lat' dir='ltr'>main</span> <span class='ocrx_word' id='word_1_212' title='bbox 1156 2536 1205 2574; x_wconf 79' lang='lat' dir='ltr'>de</span> <span class='ocrx_word' id='word_1_213' title='bbox 1224 2535 1429 2581; x_wconf 75' lang='lat' dir='ltr'>l’autem,</span> <span class='ocrx_word' id='word_1_214' title='bbox 1446 2546 1499 2573; x_wconf 78' lang='lat' dir='ltr'>en</span> <span class='ocrx_word' id='word_1_215' title='bbox 1521 2535 1571 2574; x_wconf 91' lang='lat' dir='ltr'>G.</span> <span class='ocrx_word' id='word_1_216' title='bbox 1587 2555 1646 2562; x_wconf 77' lang='lat'>——-</span> <span class='ocrx_word' id='word_1_217' title='bbox 1661 2535 1699 2574; x_wconf 84' lang='lat' dir='ltr'>b.</span> <span class='ocrx_word' id='word_1_218' title='bbox 1717 2535 1918 2586; x_wconf 78' lang='lat' dir='ltr'>Manque</span> 
     </span>
    </p>
   </div>
   <div class='ocr_carea' id='block_1_4' title="bbox 153 2594 1918 2754">
    <p class='ocr_par' dir='ltr' id='par_1_4' title="bbox 153 2594 1918 2754">
     <span class='ocr_line' id='line_1_29' title="bbox 153 2594 1918 2647; baseline 0 -14"><span class='ocrx_word' id='word_1_219' title='bbox 153 2601 157 2605; x_wconf 87' lang='lat'>&#39;</span> <span class='ocrx_word' id='word_1_220' title='bbox 218 2607 273 2633; x_wconf 76' lang='lat' dir='ltr'>en</span> <span class='ocrx_word' id='word_1_221' title='bbox 300 2595 354 2634; x_wconf 91' lang='lat' dir='ltr'>P.</span> <span class='ocrx_word' id='word_1_222' title='bbox 383 2617 443 2622; x_wconf 88' lang='lat'>—</span> <span class='ocrx_word' id='word_1_223' title='bbox 465 2607 499 2634; x_wconf 78' lang='lat' dir='ltr'>c.</span> <span class='ocrx_word' id='word_1_224' title='bbox 526 2595 726 2647; x_wconf 77' lang='lat' dir='ltr'>Manque</span> <span class='ocrx_word' id='word_1_225' title='bbox 753 2607 806 2634; x_wconf 77' lang='lat' dir='ltr'>en</span> <span class='ocrx_word' id='word_1_226' title='bbox 827 2595 880 2634; x_wconf 92' lang='lat' dir='ltr'>P.</span> <span class='ocrx_word' id='word_1_227' title='bbox 901 2618 961 2623; x_wconf 93' lang='lat'>—</span> <span class='ocrx_word' id='word_1_228' title='bbox 981 2596 1021 2634; x_wconf 86' lang='lat' dir='ltr'>d.</span> <span class='ocrx_word' id='word_1_229' title='bbox 1047 2599 1161 2634; x_wconf 92' lang='lat' dir='ltr'>tunc</span> <span class='ocrx_word' id='word_1_230' title='bbox 1185 2607 1323 2646; x_wconf 88' lang='lat' dir='ltr'>passa</span> <span class='ocrx_word' id='word_1_231' title='bbox 1341 2595 1395 2634; x_wconf 91' lang='lat' dir='ltr'>P.</span> <span class='ocrx_word' id='word_1_232' title='bbox 1421 2617 1481 2622; x_wconf 92' lang='lat'>—</span> <span class='ocrx_word' id='word_1_233' title='bbox 1497 2608 1532 2634; x_wconf 82' lang='lat' dir='ltr'>e.</span> <span class='ocrx_word' id='word_1_234' title='bbox 1565 2594 1662 2634; x_wconf 88' lang='lat' dir='ltr'>sine</span> <span class='ocrx_word' id='word_1_235' title='bbox 1686 2594 1918 2646; x_wconf 88' lang='lat' dir='ltr'>stipendio</span> 
     </span>
     <span class='ocr_line' id='line_1_30' title="bbox 218 2653 1917 2706; baseline 0.001 -13"><span class='ocrx_word' id='word_1_236' title='bbox 218 2654 273 2693; x_wconf 90' lang='lat' dir='ltr'>P.</span> <span class='ocrx_word' id='word_1_237' title='bbox 293 2677 353 2682; x_wconf 91' lang='lat'>—</span> <span class='ocrx_word' id='word_1_238' title='bbox 372 2654 403 2703; x_wconf 75' lang='lat' dir='ltr'>s.</span> <span class='ocrx_word' id='word_1_239' title='bbox 429 2658 476 2694; x_wconf 88' lang='lat' dir='ltr'>et</span> <span class='ocrx_word' id='word_1_240' title='bbox 497 2654 583 2694; x_wconf 89' lang='lat' dir='ltr'>nisi</span> <span class='ocrx_word' id='word_1_241' title='bbox 601 2655 654 2694; x_wconf 85' lang='lat' dir='ltr'>P.</span> <span class='ocrx_word' id='word_1_242' title='bbox 670 2677 729 2682; x_wconf 91' lang='lat'>—</span> <span class='ocrx_word' id='word_1_243' title='bbox 742 2665 781 2705; x_wconf 82' lang='lat' dir='ltr'>g.</span> <span class='ocrx_word' id='word_1_244' title='bbox 799 2655 1111 2694; x_wconf 83' lang='lat' dir='ltr'>Scorticorum</span> <span class='ocrx_word' id='word_1_245' title='bbox 1128 2653 1296 2706; x_wconf 75' lang='lat' dir='ltr'>corrige&#39;</span> <span class='ocrx_word' id='word_1_246' title='bbox 1310 2659 1396 2706; x_wconf 74' lang='lat' dir='ltr'>par</span> <span class='ocrx_word' id='word_1_247' title='bbox 1413 2654 1605 2693; x_wconf 78' lang='lat' dir='ltr'>l&#39;auteur</span> <span class='ocrx_word' id='word_1_248' title='bbox 1621 2667 1674 2693; x_wconf 77' lang='lat' dir='ltr'>en</span> <span class='ocrx_word' id='word_1_249' title='bbox 1693 2654 1917 2694; x_wconf 84' lang='lat' dir='ltr'>Scortica-</span> 
     </span>
     <span class='ocr_line' id='line_1_31' title="bbox 217 2715 456 2754; baseline 0.008 -2"><span class='ocrx_word' id='word_1_250' title='bbox 217 2717 376 2753; x_wconf 88' lang='lat' dir='ltr'>torum</span> <span class='ocrx_word' id='word_1_251' title='bbox 406 2715 456 2754; x_wconf 91' lang='lat' dir='ltr'>G.</span> 
     </span>
    </p>
   </div>
   <div class='ocr_carea' id='block_1_5' title="bbox 282 2845 1918 2900">
    <p class='ocr_par' dir='ltr' id='par_1_5' title="bbox 282 2845 1918 2900">
     <span class='ocr_line' id='line_1_32' title="bbox 282 2845 1918 2900; baseline -0.002 -13"><span class='ocrx_word' id='word_1_252' title='bbox 282 2858 320 2888; x_wconf 92' lang='lat'>1.</span> <span class='ocrx_word' id='word_1_253' title='bbox 343 2848 460 2899; x_wconf 90' lang='lat' dir='ltr'>Jean</span> <span class='ocrx_word' id='word_1_254' title='bbox 480 2848 702 2895; x_wconf 88' lang='lat' dir='ltr'>Chartier,</span> <span class='ocrx_word' id='word_1_255' title='bbox 725 2849 840 2889; x_wconf 87' lang='lat' dir='ltr'>dans</span> <span class='ocrx_word' id='word_1_256' title='bbox 860 2861 912 2889; x_wconf 88' lang='lat' dir='ltr'>sa</span> <span class='ocrx_word' id='word_1_257' title='bbox 932 2847 1180 2900; x_wconf 76' lang='lat' dir='ltr'>Chronique</span> <span class='ocrx_word' id='word_1_258' title='bbox 1200 2846 1436 2898; x_wconf 66' lang='grc' dir='ltr'>ίναηραίεε,</span> <span class='ocrx_word' id='word_1_259' title='bbox 1459 2846 1530 2886; x_wconf 80' lang='lat' dir='ltr'>ed.</span> <span class='ocrx_word' id='word_1_260' title='bbox 1552 2847 1706 2887; x_wconf 90' lang='lat' dir='ltr'>Vallet</span> <span class='ocrx_word' id='word_1_261' title='bbox 1725 2847 1781 2886; x_wconf 91' lang='lat' dir='ltr'>de</span> <span class='ocrx_word' id='word_1_262' title='bbox 1799 2845 1918 2885; x_wconf 89' lang='lat' dir='ltr'>Viri-</span> 
     </span>
    </p>
   </div>
  </div>
 </body>
</html>
