2071 3302
201 211 294 264 264
454 219 527 250 DE
563 218 861 251 PONTISARA
896 220 930 250 A
966 219 1189 251 FRANcrs
1227 220 1454 252 OBSEssA
1494 210 1654 266 (1441)

201 332 525 391 Ludovicus,
563 333 699 398 regis
736 333 892 391 filius,
931 349 1054 383 cum
1087 334 1272 384 multis
1306 334 1541 383 militum
1575 334 1801 385 ducibus
1834 335 1912 384 fa-

202 415 365 465 mosis
406 420 539 473 erat,
582 414 679 464 nec
719 415 878 480 Angli
918 419 1096 465 castra
1135 415 1464 465 Francorum
1514 415 1767 466 invadere
1814 432 1912 467 nec

199 495 318 545 vice
345 512 502 546 versa
529 496 721 546 Franci
748 512 776 546 e
804 496 992 546 castris
1020 496 1090 545 ad
1118 497 1495 547 debellandum
1522 497 1787 563 Anglicos,
1818 514 1913 564 per

198 580 450 640 patentes
486 591 705 640 campos
740 576 1134 641 adequitanteS,
1172 577 1314 626 exire
1349 582 1782 642 attemptarunt;
1818 579 1912 628 sed

190 657 497 722 Anglorum
532 657 768 722 impetus
805 657 982 722 sagaci
1018 658 1292 722 paciencia
1327 658 1673 717 declinantes,
1711 659 1766 708 in
1803 658 1912 709 suis

200 739 496 788 manebant
538 739 742 789 castris.
779 739 1075 805 Anglorum
1113 756 1240 789 vero
1273 740 1555 799 exercitUS,
1590 757 1714 790 cum
1746 756 1910 790 anno-

197 836 344 878 nam,
384 820 486 870 nisi
523 837 689 886 quarn
727 837 906 871 secum
944 821 1278 881 detulissent,
1317 822 1536 871 minime
1573 822 1628 871 in
1665 827 1786 872 tota
1821 822 1912 872 illa

200 902 379 967 patria
404 902 643 953 invenire
670 908 905 968 possent,
934 904 1123 954 statim
1150 904 1219 953 ad
1245 920 1343 953 sua
1367 904 1536 953 redire
1562 904 1908 969 urgebantur.

270 984 469 1034 Mansit
518 984 702 1050 itaque
750 991 804 1035 et
853 986 1071 1035 duravit
1117 986 1490 1050 hujuscemodi
1537 986 1770 1036 obsessio
1817 1002 1912 1052 per

200 1065 378 1131 plures
406 1082 629 1125 menseS,
661 1067 857 1131 quibus
884 1067 1207 1126 labentibus,
1238 1084 1306 1117 ex
1331 1068 1526 1132 Anglia
1553 1068 1761 1118 circiter
1787 1084 1911 1118 cum

204 1147 388 1196 decem
422 1147 638 1197 milibus
674 1153 1023 1208 armatorum,
1062 1149 1303 1198 omnium
1338 1149 1393 1198 in
1428 1149 1578 1214 equis
1612 1155 1910 1210 vectorum,

200 1229 313 1277 dux
334 1229 580 1287 Eboraci,
605 1245 729 1279 cum
750 1230 935 1280 multis
957 1230 1244 1280 comitibus
1267 1236 1320 1280 et
1342 1231 1612 1281 nobilibus
1633 1231 1781 1296 regni
1801 1232 1909 1280 An-

199 1310 301 1374 glie
345 1311 658 1361 transmisso
702 1312 853 1370 mari,
902 1312 971 1361 ad
1012 1312 1199 1361 littora
1242 1312 1480 1377 appulita
1526 1312 1855 1362 Normannie
1869 1313 1906 1363 1.

200 1391 491 1442 Descendit
513 1398 697 1442 autem
718 1394 864 1458 apud
883 1394 1226 1443 Hareflotum
1241 1394 1276 1453 2,
1297 1394 1405 1452 ubi,
1430 1410 1552 1444 cum
1573 1395 1748 1444 adhuc
1771 1394 1909 1445 obsi-

201 1473 417 1523 dionem
464 1475 610 1539 apud
658 1475 997 1525 Pontisaram
1044 1476 1234 1524 durare
1281 1475 1641 1540 comperisset,
1691 1491 1909 1540 sperans

200 1555 428 1605 obsessis
456 1572 609 1621 posse
639 1557 937 1616 subvenire,
970 1573 1195 1622 propero
1225 1574 1382 1607 cursu
1411 1557 1632 1606 advolat
1661 1573 1783 1607 cum
1812 1573 1911 1608 sua

200 1652 345 1686 nova
367 1637 565 1686 milicia
590 1639 1007 1703 Rothomagum.
1036 1638 1153 1703 Quo
1176 1639 1292 1688 loco
1316 1655 1439 1688 cum
1462 1639 1634 1689 tribus
1659 1643 1754 1688 aut
1778 1654 1908 1703 qua-

201 1723 326 1767 tuor
360 1718 546 1769 diebus
581 1720 870 1769 dumtaxat
905 1736 1028 1770 suos
1062 1721 1423 1778 refocillasset,
1463 1737 1586 1769 cum
1628 1720 1772 1769 dicto
1815 1720 1907 1769 do-

199 1800 346 1849 mino
377 1800 441 1849 de
471 1801 666 1850 Talbot
697 1806 750 1851 et
780 1801 965 1851 multis
995 1801 1111 1851 aliis
1140 1802 1435 1867 Anglorum
1463 1801 1732 1851 veteranis
1761 1802 1907 1851 duci-

199 1882 301 1932 bus
333 1887 495 1947 atque
525 1883 787 1933 militibus
818 1884 911 1948 qui
940 1884 1033 1933 diu
1070 1883 1124 1932 in
1163 1884 1389 1933 Francia
1425 1884 1754 1933 militarant‘’
1783 1900 1907 1933 cum

198 1964 564 2023 festinacione,
614 1965 839 2015 obsessis
886 1965 1083 2015 solacia
1128 1966 1465 2030 prestiturus,
1514 1965 1616 2015 iter
1662 1966 1905 2030 arripuit.

201 2045 305 2095 Sed
323 2062 446 2095 cum
464 2047 743 2106 Francos0,
766 2047 859 2111 qui
876 2047 930 2095 in
948 2048 1273 2097 monasterio
1294 2047 1477 2097 Sancti
1494 2047 1714 2096 Martini
1733 2052 1903 2107 erant,

199 2143 369 2186 mur0,
400 2128 543 2178 fossa
568 2134 621 2178 et
649 2130 810 2179 variis
837 2129 1097 2179 machinis
1119 2130 1277 2178 valde
1303 2130 1542 2179 munitos
1567 2129 1902 2194 intelligeret,

199 2214 261 2258 ut
287 2225 376 2259 eos
401 2210 494 2275 qui
517 2227 584 2260 ex
609 2211 713 2260 alia
741 2211 975 2261 fluminis
1000 2217 1152 2276 parte
1178 2216 1355 2260 castra
1381 2217 1670 2275 posuerant
1709 2211 1763 2259 in
1789 2210 1903 2275 qui-

198 2291 300 2341 bus
329 2297 444 2341 erat
477 2309 570 2341 rex
598 2293 886 2342 invadere‘l
915 2298 1111 2358 posset,
1143 2298 1307 2358 ponte
1336 2309 1402 2342 ex
1431 2293 1584 2342 doliis
1612 2298 1665 2342 et
1705 2292 1904 2342 tabulis

200 2373 439 2423 celeriter
467 2380 791 2433 constructO,
829 2376 1026 2424 flumen
1057 2375 1223 2425 Ysare
1253 2391 1362 2424 una
1390 2391 1512 2424 cum
1541 2390 1636 2424 suo
1666 2374 1904 2424 exercitu

200 2455 469 2505 transivit.

270 2540 565 2590 Posuerant
590 2542 853 2606 siquidem
876 2542 1067 2591 Franci
1090 2542 1361 2592 custodias
1384 2542 1618 2591 militum
1638 2542 1708 2591 ad
1729 2542 1902 2606 ripam

203 2621 453 2680 fluminis,
498 2622 590 2687 qui
630 2623 815 2687 Anglis
857 2623 1147 2673 transitum
1187 2623 1468 2673 inhibituri
1509 2623 1700 2673 forent.
1746 2623 1902 2688 Quod

198 2702 386 2767 utique
417 2704 551 2753 haut
584 2705 793 2754 difficile
825 2706 975 2754 factu
1005 2710 1136 2763 erat,
1167 2706 1210 2754 si
1240 2705 1525 2770 vigilanter
1556 2710 1650 2754 aut
1682 2705 1902 2754 solerter

260 2872 301 2898 α.
329 2859 472 2910 Lepon
492 2861 540 2899 de
562 2861 603 2898 P
620 2874 628 2907 ;
655 2862 838 2913 oppulit
865 2862 915 2901 G.
937 2884 996 2889 —
1020 2862 1057 2901 b.
1081 2862 1400 2900 militaverant
1419 2862 1474 2902 P.
1493 2883 1555 2890 —
1577 2873 1612 2903 0.
1635 2861 1821 2901 Francis
1842 2862 1897 2901 P.

196 2940 256 2946 —-
275 2918 316 2957 d.
336 2919 464 2958 Dans
487 2920 532 2959 la
551 2933 713 2972 marga,
738 2922 787 2960 de
808 2922 852 2960 la
874 2922 998 2960 main
1019 2922 1068 2960 de
1090 2921 1293 2966 l’auteur‚
1319 2933 1372 2960 en
1399 2920 1448 2960 G.
