2071 3302
244 228 334 273 114
607 228 680 259 DE
715 228 1013 260 MULTORUM
1051 228 1364 262 OPPIDORUM
1400 231 1585 263 EXITIO

241 341 525 406 cujuslibet
552 341 622 391 ad
647 341 880 406 judicem
907 341 1128 391 adducti
1163 342 1250 392 vel
1284 342 1452 393 eciam
1477 343 1532 392 in
1568 345 1939 409 prosecucione

241 419 505 484 perempti
542 414 805 485 premium
851 419 1187 485 propositum
1223 421 1599 472 exsolveretur.
1638 423 1712 471 Et
1756 427 1939 473 tamen

240 513 336 547 nec
370 497 466 547 tali
502 497 781 563 diligencia
813 502 977 563 atque
1011 513 1137 547 cura
1169 499 1319 548 reddi
1352 500 1531 564 potuit
1565 500 1633 550 ab
1653 500 1757 563 illa
1789 506 1938 566 peste

240 576 418 640 patria
444 576 610 625 libera
637 580 692 625 et
719 575 973 625 immunis
1001 576 1183 636 donee,
1214 576 1419 626 dicione
1447 594 1508 627 ac
1535 583 1804 643 potestate
1830 580 1937 629 An-

237 654 447 719 glorum
484 658 664 713 exuta,
705 654 804 703 sub
841 654 1169 703 Francorum
1204 656 1448 704 naturale
1485 660 1621 705 terre
1657 656 1938 722 imperium

236 732 492 781 restituta
516 731 674 782 suita.

305 810 524 859 Talibus
551 809 714 875 igitur
741 810 911 869 maliS,
942 811 1072 860 dum
1099 811 1377 877 utriusque
1405 811 1645 877 parcium
1672 805 1939 878 capitanei

238 893 291 936 et
333 887 528 937 armati
569 889 656 938 vel
699 893 822 938 astu
852 889 939 938 vel
981 889 1104 939 dolo
1135 905 1228 940 seu
1259 906 1352 955 per
1382 890 1601 940 insidias
1640 895 1735 940 aut
1774 891 1937 941 tradi-

234 971 421 1015 menta
457 971 511 1016 et
557 967 889 1032 prodiciones
926 967 1131 1017 diverse
1178 968 1347 1033 partis
1383 968 1646 1027 civitateS,
1687 969 1848 1034 opida
1883 974 1937 1018 et

237 1045 580 1104 municiones,
628 1045 812 1110 pocius
856 1061 1020 1110 quam
1065 1046 1226 1095 armis
1271 1051 1324 1095 et
1368 1046 1558 1096 bellica
1601 1047 1933 1106 fortitudine,

236 1123 519 1187 quociensb
553 1128 785 1188 possent,
821 1124 1098 1173 studerent
1131 1124 1400 1189 acquirere
1432 1124 1548 1183 sibi,
1580 1141 1732 1189 agros
1768 1141 1936 1190 popu-

233 1200 360 1260 lare,
383 1201 597 1251 colonos
617 1201 895 1260 abducere,
918 1201 1242 1251 cruciatibus
1260 1203 1347 1252 vel
1363 1218 1550 1252 necare
1569 1203 1656 1252 vel
1674 1203 1902 1268 affligere
1922 1219 1933 1262 ;

237 1279 367 1328 dum
408 1279 576 1328 eciam
618 1279 710 1345 qui
749 1279 1004 1344 Brigandi
1046 1280 1457 1345 appellabantur
1505 1280 1637 1330 nulli
1689 1297 1936 1346 agrorum

232 1358 429 1407 cultori
459 1363 585 1408 aut⁶
616 1359 769 1407 alteri
799 1358 1036 1423 quietem
1066 1359 1231 1408 ullam
1261 1359 1650 1424 permitterent,
1684 1360 1936 1409 effectum

236 1442 316 1488 est
349 1438 506 1503 longo
539 1437 795 1502 temporis
827 1436 1110 1486 intervallo
1142 1441 1204 1486 ut
1237 1437 1467 1487 vastitas
1495 1437 1586 1486 illa
1612 1442 1665 1486 et
1703 1437 1935 1487 desercio

234 1517 499 1566 horrenda
552 1520 831 1565 tantarum
884 1514 1174 1580 regionum,
1232 1515 1369 1565 sicut
1422 1515 1535 1580 jam
1588 1515 1931 1580 prediximUS‚

235 1599 558 1660 sequeretur.
596 1593 738 1659 Quid
779 1593 985 1642 cladem
1026 1593 1251 1642 referam
1289 1593 1562 1652 Carnutid‚
1599 1593 1730 1658 quid
1771 1594 1934 1643 Ceno-

233 1688 596 1731 mannensem,
622 1672 754 1737 quid
777 1671 1069 1730 Pontisare‚
1095 1671 1435 1736 insignissimi
1466 1672 1740 1737 quondam
1770 1676 1934 1737 atque

239 1750 598 1801 florentissimi
631 1750 792 1815 opidi,
829 1749 959 1815 quid
992 1749 1323 1808 SenonensiS,
1359 1749 1490 1815 quid
1529 1750 1770 1799 Ebroicis
1807 1750 1933 1799 civi-

234 1834 429 1888 tatum,
463 1833 517 1878 et
548 1829 774 1878 aliorum
812 1828 1358 1893 quamplurimorum⁶
1387 1828 1625 1877 locorum
1638 1829 1673 1887 1,
1701 1844 1805 1893 que
1840 1844 1934 1893 per

232 1908 451 1957 insidias
491 1912 586 1957 aut
625 1905 957 1972 prodiciones
996 1911 1050 1955 et
1089 1905 1432 1964 tradimenta,
1474 1906 1725 1956 nonnulle
1765 1906 1933 1955 eciam

233 2002 341 2036 non
364 1986 525 2036 semel
547 1989 764 2035 tantum
785 1989 957 2049 capte,
983 1985 1076 2034 sed
1097 1984 1273 2049 sepius
1294 1984 1531 2034 hostium
1553 2000 1614 2033 ac
1635 1984 1932 2050 predonum

234 2064 524 2130 direpcioni
575 2069 738 2129 atque
789 2063 1019 2112 ludibrio
1071 2063 1392 2127 patuerunt?
1450 2063 1655 2127 Quibus
1707 2062 1931 2112 similem

233 2143 380 2192 feres
419 2142 626 2192 exitum
663 2142 902 2191 fecerunt
941 2141 1219 2190 innumera
1256 2157 1389 2206 pene
1428 2157 1521 2205 per
1558 2156 1771 2190 omnem
1809 2141 1930 2191 Gal-

233 2221 361 2270 liam
402 2221 532 2279 loca,
579 2236 808 2285 quorum
850 2219 893 2268 si
935 2219 1142 2284 singula
1190 2218 1485 2268 infortunia
1526 2223 1579 2267 et
1630 2218 1931 2268 exiciabiles

234 2315 387 2349 casus
423 2299 614 2348 referre
652 2298 923 2356 vellemus
964 2297 1136 2347 multa
1173 2297 1327 2346 nobis
1364 2297 1619 2346 librorum
1656 2297 1932 2346 volumina

234 2377 506 2442 implenda
527 2381 718 2426 essent.

304 2455 511 2505 Sed'ad
547 2454 727 2520 aliqua
761 2459 1062 2503 memoratu
1098 2453 1338 2518 digniora
1372 2453 1694 2502 veniendum
1730 2457 1826 2511 est,
1864 2468 1929 2501 ne

234 2533 533 2598 legentibus
560 2532 765 2582 onerosi
791 2531 1159 2597 fastidiosique
1186 2531 1535 2580 inveniamur.
1579 2588 1581 2591 .

299 2691 339 2718 a.
371 2679 511 2718 fuerit
538 2679 590 2717 P.
623 2700 682 2705 —
707 2677 744 2717 b.
771 2677 953 2729 quoties
978 2678 1031 2716 P.
1056 2699 1115 2705 —
1143 2688 1177 2716 c.
1205 2676 1405 2727 Manque
1434 2689 1485 2715 en
1515 2677 1567 2715 P.
1591 2699 1650 2704 —
1674 2676 1714 2716 d.
1740 2676 1913 2716 Carnot

235 2740 287 2779 P.
310 2760 370 2766 —
390 2751 424 2778 ε.
445 2737 794 2790 quamplurium
816 2738 869 2776 P.
892 2759 950 2765 —
971 2737 1001 2785 j.
1029 2736 1086 2776 Ce
1108 2740 1195 2775 mot
1217 2737 1329 2775 dans
1352 2736 1395 2774 la
1416 2748 1578 2787 marge,
1607 2737 1655 2775 de
1674 2736 1717 2775 la
1735 2735 1860 2775 main
1877 2735 1927 2775 de

232 2800 246 2838 l
254 2799 435 2843 'auteurs
456 2810 509 2837 en
534 2798 584 2837 G.

232 2928 390 2968 renvoi
418 2940 511 2967 aux
537 2939 733 2972 sources,
764 2926 844 2966 Ch.
874 2927 930 2966 de
955 2926 1276 2978 Beaurepaire,
1305 2926 1384 2977 qui
1412 2930 1631 2977 rapporte
1658 2938 1707 2966 ce
1734 2938 1926 2978 passage
