2071 3302
467 203 754 234 MALHEURS
790 203 861 234 DE
897 203 1244 234 MARGUERITE
1282 190 1513 241 D'ANJOU
1744 204 1832 247 301

142 322 402 360 terrestres
443 342 507 348 —
550 317 826 373 puissanee‚
874 318 1104 373 dignites,
1152 317 1404 367 richesses‚
1452 317 1646 373 plaisirs
1693 317 1839 359 mise-

143 391 304 434 rables
334 396 385 434 et
415 391 540 441 sous,
568 391 910 434 satisfactions
940 389 1227 447 passageres
1254 392 1314 434 de
1340 404 1395 434 ee
1424 391 1606 434 monde
1627 416 1691 421 -—
1713 390 1836 446 qu’il

142 464 254 508 faut
283 465 518 508 chercher
545 469 596 508 et
625 465 802 508 fonder
829 466 874 508 16
902 466 1143 514 bonheur,
1177 465 1302 508 mais
1331 465 1607 508 seulement
1637 465 1762 507 dans
1791 465 1836 508 le

144 539 266 588 vrai,
298 539 483 595 parsait
511 543 562 582 et
590 539 777 582 eterne]
802 539 942 582 Bien.
973 539 1110 582 Celui
1137 539 1224 595 qui
1250 539 1295 582 le
1323 539 1589 595 possederat
1618 552 1714 581 une
1742 538 1835 580 fois

142 613 305 668 jouira
338 615 398 656 de
432 617 546 656 tous
579 614 648 656 les
681 613 821 656 biens
854 627 916 656 en
950 613 1244 656 abondance
1263 626 1272 663 ;
1308 613 1342 655 il
1374 626 1436 656 en
1468 625 1575 656 sera
1609 612 1832 661 rassasie,

143 699 258 730 sans
283 688 508 730 craindre
533 688 577 730 16
603 687 830 730 malheur
853 691 904 730 et
929 700 1044 729 sans
1070 688 1258 742 danger
1282 688 1343 729 de
1366 687 1411 729 le
1435 687 1612 742 perdre
1637 685 1835 741 jamais.

209 761 335 803 Mais
350 774 618 817 reprenons
642 761 686 803 16
710 761 761 802 fil
780 761 840 803 de
858 765 1002 803 notre
1020 761 1143 803 reoit
1161 759 1305 816 apres
1327 774 1381 803 ce
1396 773 1525 816 coup
1543 760 1680 803 d'oeil
1698 759 1834 802 d'en-

145 834 332 877 semble
350 834 452 890 jete
472 847 557 878 sur
574 835 623 876 la
644 835 808 877 bonne
828 838 879 877 et
899 834 947 876 la
965 834 1223 877 mauvaise
1244 834 1444 876 fortune
1465 834 1526 876 de
1546 837 1679 876 cette
1702 833 1836 876 reine

145 908 461 964 Marguerite.
488 909 580 950 Les
604 908 784 957 treve&
812 921 1006 965 comme
1029 921 1156 950 nous
1179 907 1374 950 l’avons
1398 907 1489 957 dit,
1515 908 1685 950 iurent
1721 920 1835 949 oon-

145 982 278 1024 clues
298 981 508 1024 d'abord
532 985 672 1024 entre
691 981 760 1024 les
781 981 913 1024 deux
934 981 1032 1023 rois
1050 985 1101 1024 et
1123 981 1193 1023 les
1214 981 1347 1024 deux
1366 993 1631 1036 royaumes
1651 980 1754 1022 l'an
1775 981 1837 1022 de

145 1055 507 1098 l'Inearnation
522 1056 589 1098 du
612 1055 848 1112 Seigneur
868 1068 955 1111 144
962 1069 1002 1110 3,
1021 1068 1085 1098 au
1101 1055 1226 1097 mois
1241 1055 1303 1097 de
1316 1055 1426 1110 juin
1439 1054 1470 1104 1,
1488 1052 1632 1110 apres
1647 1053 1836 1110 qu'An-

146 1129 268 1185 glais
288 1134 340 1172 et
354 1130 394 1171 F
395 1129 604 1186 remeatis,
620 1129 856 1185 Franoais
871 1133 922 1172 et
936 1129 1141 1185 Anglais
1155 1132 1332 1172 eurent
1347 1129 1612 1171 combattu
1628 1132 1679 1171 et
1696 1140 1836 1184 guer-

144 1204 264 1259 roye
302 1217 363 1246 en
399 1204 588 1247 Franoe
623 1216 745 1247 aveo
780 1204 998 1246 diverses
1041 1203 1368 1246 alternatives
1410 1202 1637 1258 pendant
1670 1202 1836 1257 vingt-

145 1277 257 1320 huit
293 1290 398 1320 ans.
438 1278 506 1320 Et
539 1276 786 1321 le-dessus
823 1277 1038 1333 prendra
1078 1277 1161 1327 fin,
1201 1289 1395 1320 comme
1431 1276 1465 1319 il
1501 1275 1752 1325 convient,
1792 1275 1838 1318 16

142 1350 396 1395 troisieme
416 1351 540 1394 livre
562 1352 622 1395 de
643 1355 788 1394 notre
808 1351 1030 1394 histoire.
1078 1373 1080 1375 ·

210 1512 246 1541 1.
269 1502 339 1541 En
360 1502 533 1549 realite‚
556 1503 597 1543 16
619 1503 673 1541 28
696 1503 788 1542 mai
811 1514 937 1553 1444.
