2071 3302
230 207 322 249 228
576 216 648 247 DE
685 214 999 247 PARISIACAE
1035 214 1194 245 URBIS
1230 213 1591 244 LIBERATIONE

225 331 376 382 illam
396 332 584 381 urbem
605 346 672 380 ex
691 329 928 379 inferiori
949 332 1103 394 parte
1124 327 1404 393 provenire
1425 331 1640 392 poterat
1660 341 1671 385 ;
1697 342 1763 376 ex
1783 343 1938 392 supe-

226 414 353 463 riori
377 417 560 463 autem
582 404 812 477 regione,
837 427 960 460 cum
983 409 1152 459 eciam
1176 409 1378 459 Secana
1400 413 1621 474 propter
1643 409 1938 458 Meldinum

228 499 283 544 et
331 495 436 544 alia
482 493 644 559 opida
696 497 751 541 et
806 492 1052 540 Materna
1104 494 1324 554 propter
1377 489 1718 538 Latiniacum
1772 489 1940 539 clausi

229 577 422 630 essent,
456 571 569 621 fieri
595 587 703 619 non
731 575 946 635 poterat
974 568 1105 634 quin
1132 569 1274 617 fame
1302 573 1466 633 atque
1493 568 1734 617 omnium
1760 583 1937 617 rerum

228 653 411 718 inopia
435 651 809 702 miserabiliter
834 651 1201 700 conficeretur.

300 735 433 784 Cum
459 734 643 799 itaque
672 733 742 782 ad
768 737 982 782 tantam
1009 731 1137 781 urbs
1163 731 1280 795 ipsa
1307 730 1674 780 calamitatem
1701 730 1938 780 adducta

230 816 478 865 venando
509 815 714 873 fuisset,
749 830 852 879 que
882 813 1087 878 majore
1118 829 1184 861 ex
1215 817 1368 877 parte
1399 828 1618 862 suorum
1647 812 1939 862 numerosi·

231 902 346 947 tate
370 897 585 956 civium,
613 912 721 961 qua
742 911 852 945 una
874 912 929 944 re
953 895 1142 944 ceteris
1165 894 1414 944 omnibus
1436 893 1660 943 urbibus
1684 893 1940 943 Occiden-

232 980 303 1030 tis
339 979 630 1044 aliquando
657 978 1007 1043 precelluerat
1023 977 1059 1036 1,
1097 977 1305 1026 nudata
1340 980 1471 1035 erat,
1510 980 1572 1025 ut
1609 991 1771 1040 supra
1806 974 1940 1023 dixi-

231 1077 378 1121 mus,
436 1071 572 1110 neca
623 1060 793 1108 ullum
848 1059 960 1123 jam
1014 1059 1238 1122 reperire
1292 1056 1447 1107 sciret
1500 1057 1756 1122 effugium
1808 1073 1937 1122 quo-

232 1144 410 1193 minus
445 1143 514 1192 ad
547 1147 870 1192 venatorum
903 1141 1078 1190 rethia
1118 1141 1402 1198 laberetur,
1438 1139 1815 1188 nichilominus
1859 1144 1940 1188 ta-

232 1241 356 1274 men
401 1225 578 1273 adhuc
625 1223 799 1272 eidem
846 1222 1130 1273 subvenire
1175 1221 1356 1271 conati
1399 1225 1525 1270 sunt
1569 1220 1752 1285 Angli.
1798 1221 1940 1270 Nam

231 1307 357 1356 illuc
404 1322 471 1355 ex
521 1305 716 1370 Anglia
771 1305 1026 1354 miliciam
1081 1319 1282 1353 novam
1335 1303 1681 1361 invexerunt,
1733 1302 1942 1351 circiter

234 1388 304 1437 ad
345 1388 452 1437 duo
493 1387 641 1436 milia
681 1387 943 1451 equitum.
991 1385 1109 1450 Qui,
1154 1401 1277 1434 cum
1318 1384 1555 1449 quodam
1597 1383 1681 1433 die
1723 1383 1940 1433 obviam

234 1469 452 1519 Francis
492 1469 816 1519 exivissentb
856 1468 949 1533 qui
999 1468 1063 1517 de
1112 1467 1395 1517 Pontisara
1433 1471 1488 1515 et
1530 1465 1646 1515 aliis
1684 1465 1938 1515 municio·

233 1552 392 1601 nibus
420 1567 543 1600 cum
570 1566 766 1616 magno
796 1550 1006 1615 agmine
1035 1549 1174 1599 circa
1201 1548 1458 1597 terminos
1488 1547 1672 1598 Sancti
1697 1547 1943 1612 Dyonisii

235 1633 613 1690 adventarant,
644 1632 951 1681 habuerunt
984 1647 1106 1680 cum
1141 1630 1340 1679 eisdem
1366 1629 1584 1679 Francis
1618 1628 1776 1678 valde
1810 1628 1941 1677 infe-

233 1714 389 1763 licem
424 1712 830 1778 congressum23
866 1728 994 1761 nam
1029 1728 1163 1777 pene
1199 1727 1382 1761 omnes
1416 1711 1503 1760 vel
1537 1710 1642 1760 cesi
1675 1710 1762 1760 vel
1795 1709 1943 1774 capti

234 1796 396 1845 fuere.

305 1878 423 1926 Hoc
458 1881 642 1926 autem
675 1892 784 1925 non
818 1875 1051 1925 fortuitu
1085 1879 1180 1924 aut
1223 1874 1508 1924 casualiter
1540 1874 1620 1923 ita
1659 1873 1942 1938 contigisse

236 1959 500 2010 creditum
541 1963 621 2008 est
652 1974 662 2017 ;
713 1973 841 2007 nam
885 1974 951 2006 ex
995 1957 1203 2006 civibus
1248 1955 1634 2005 Parisiensibus
1679 1963 1787 2004 non
1835 1955 1943 2004 exi-

235 2057 341 2106 gua
377 2040 673 2089 multitudo
711 2040 824 2104 jam
862 2055 986 2088 cum
1025 2039 1353 2087 Francorum
1392 2037 1646 2087 ducibus⁶
1686 2037 1751 2086 de
1797 2036 1945 2086 urbis

237 2122 544 2172 deditioned
575 2121 822 2170 facienda
853 2121 992 2170 clam
1023 2125 1077 2170 et
1108 2124 1311 2170 secreto
1338 2123 1678 2177 convenerat,
1714 2118 1943 2168 auctori-

235 2205 337 2254 bus
368 2204 624 2253 Michaele
657 2203 722 2252 de
753 2201 926 2251 Lalier
957 2207 1011 2251 et
1044 2201 1326 2251 Guillelmo
1358 2199 1602 2264 Sanguin
1615 2199 1651 2259 3,
1681 2200 1774 2265 qui
1804 2200 1945 2249 inter

237 2286 368 2336 alios
391 2286 534 2335 cives
557 2290 611 2334 et
634 2284 1010 2349 locupleciores
1033 2288 1087 2333 et
1111 2283 1421 2332 famosiores
1444 2287 1563 2331 tum
1585 2282 1943 2332 habebantur.

237 2367 393 2418 Unde
424 2367 493 2416 ad
521 2366 882 2431 recipiendam
921 2365 1233 2430 hujusmodi
1269 2364 1601 2413 dedicionem
1635 2365 1775 2429 (cum
1810 2379 1943 2412 sem-

237 2465 332 2514 per
366 2449 421 2497 in
458 2449 588 2497 urbe
624 2463 822 2512 magna
858 2447 1088 2497 solerent
1133 2462 1244 2495 esse
1281 2446 1577 2510 Anglorum
1620 2444 1853 2510 presidia
1889 2449 1943 2493 et

238 2530 396 2580 solito
424 2530 593 2578 eciam
619 2529 828 2593 majora
853 2528 1067 2577 noviter
1092 2528 1217 2576 illuc
1243 2543 1309 2576 ex
1332 2527 1527 2591 Anglia
1551 2525 1942 2590 intravissent),

237 2611 595 2661 necessarium
622 2615 738 2659 erat
766 2610 999 2659 Francos
1025 2625 1247 2658 manum
1273 2608 1561 2657 militarem
1588 2608 1783 2657 habere
1809 2607 1944 2656 mul-

239 2697 354 2741 tam
379 2696 432 2740 et
457 2691 696 2741 validam
720 2695 1109 2755 strennuosque
1135 2690 1295 2739 duces
1321 2689 1390 2739 ad
1415 2705 1549 2754 opus
1573 2688 1945 2753 hujuscemodi

238 2773 640 2838 perficiendum.
676 2772 869 2837 Itaque
900 2777 1120 2837 propter
1148 2772 1248 2820 hoc
1279 2787 1413 2836 opus
1443 2771 1655 2820 noviter
1685 2770 1944 2819 adventa-

238 2860 363 2904 rant
408 2854 567 2903 multi
612 2854 940 2903 Francorum
986 2853 1193 2918 equites
1240 2852 1578 2902 Pontisaram
1623 2857 1678 2901 et
1724 2851 1794 2900 ad
1839 2850 1943 2900 alia

301 3015 343 3042 α.
368 3002 425 3041 Ce
448 3005 535 3041 mot
556 3003 668 3041 dans
691 3001 735 3041 la
756 3014 919 3053 marga,
944 3002 993 3041 de
1016 3001 1060 3041 la
1081 3001 1205 3040 main
1228 3001 1278 3040 de
1299 3000 1504 3047 Famem,
1526 3012 1580 3039 en
1608 3001 1658 3040 G.
1681 3023 1741 3029 —
1775 3000 1812 3040 b.
1836 2999 1942 3039 ivis·
