2071 3302
206 219 297 250 222
620 217 692 248 DE
729 217 1089 249 NORMANNIAE
1126 216 1496 248 DESOLATIONE

208 331 321 381 fieri
356 332 597 397 ignorare
630 348 739 381 non
772 336 968 397 posset.
1006 330 1150 395 Quos
1183 335 1366 380 tamen
1401 347 1433 380 a
1466 331 1664 381 talibus
1700 331 1909 397 injuriis

207 414 425 463 minime
456 403 741 464 cohibebat
784 430 880 463 nec
911 413 1220 463 calamitose
1259 429 1321 462 ac
1349 413 1537 462 misere
1568 413 1756 478 patrie,
1790 419 1908 463 tan-

207 495 277 544 tis
310 511 406 560 pro
439 512 493 546 se
526 500 580 545 et
613 495 829 560 querela
860 511 958 544 sua
988 494 1260 558 erumpnis
1294 494 1502 553 afflicte,
1539 495 1648 544 ulla
1679 496 1908 545 subven-

207 575 373 626 cionis
392 575 589 625 solacia
606 575 968 625 ministrabat,

274 657 429 706 Unde
460 657 712 706 effectum
742 661 823 705 est
853 661 915 705 ut
946 655 1097 705 brevi
1127 661 1366 720 tempore
1396 656 1488 704 issa
1515 656 1708 706 nobilis
1739 673 1906 722 quon-

203 739 329 787 dam
366 739 558 803 patria,
599 738 810 804 populis
848 743 1012 803 atque
1049 738 1256 788 diviciis
1292 739 1813 798 habundantissima,
1852 740 1908 789 in

203 821 430 869 totalem
462 820 781 870 vastitatem
808 825 972 885 atque
999 820 1386 870 desercionem“
1411 821 1800 880 devolveretur,
1829 822 1906 870 in-

202 902 361 952 cultis
391 907 445 951 et
477 902 735 967 squalidis
765 902 962 952 relictis
994 903 1242 952 omnibus
1273 903 1374 952 illis
1399 903 1718 953 vastissimis
1750 903 1904 969 agris,

203 984 393 1033 Fames
428 984 571 1033 enim
595 989 752 1033 tanta
776 988 830 1032 et
855 988 970 1032 tam
994 983 1176 1032 valida
1206 988 1260 1032 et
1286 999 1408 1032 cum
1432 1000 1494 1033 ea
1517 984 1772 1049 pestifera
1794 985 1908 1035 lues

201 1066 257 1114 in
294 1065 396 1115 illis
434 1065 710 1130 potissime
753 1065 949 1114 finibus
988 1070 1167 1114 secute
1207 1070 1349 1123 sunt,
1391 1071 1453 1114 ut
1493 1066 1636 1115 ultra
1675 1066 1909 1116 ducenta

201 1148 349 1197 milia
388 1149 690 1197 animarum
731 1148 884 1206 ferro,
929 1148 1070 1196 fame
1111 1152 1165 1196 et
1207 1148 1372 1197 tabob
1415 1149 1706 1213 absumpta
1757 1149 1908 1199 brevi

200 1230 457 1294 temporis
502 1230 786 1279 intervallo
834 1229 1072 1279 estimari
1118 1229 1409 1294 potuerint.
1461 1230 1618 1279 Multi
1664 1247 1790 1280 vero
1838 1231 1907 1280 ad

200 1311 438 1361 diversas
463 1316 632 1361 terras
662 1312 718 1360 in
748 1311 1131 1376 dispersionem
1162 1311 1426 1370 abierunt,
1453 1328 1682 1376 quorum
1711 1313 1904 1377 plureS,

201 1409 323 1442 cum
348 1394 486 1443 freto
512 1410 566 1443 se
592 1393 1008 1451 committerent,
1031 1398 1110 1451 ut,
1131 1393 1217 1442 vel
1241 1393 1295 1441 in
1313 1393 1653 1442 Britanniam
1673 1394 1906 1443 Armori-

199 1490 319 1524 cam
351 1476 438 1525 vel
480 1475 535 1524 in
568 1475 818 1540 Angliam
851 1475 1162 1533 transvecti,
1198 1474 1464 1524 infelicem
1504 1475 1712 1525 victum
1745 1476 1905 1526 servi-

199 1558 307 1606 tuti
330 1574 385 1606 se
409 1557 687 1607 adiciendo
712 1557 1030 1615 invenirent,
1057 1557 1144 1606 vel
1168 1557 1370 1606 absorti
1394 1562 1520 1607 sunt
1544 1557 1684 1607 inter
1710 1559 1906 1608 fluctus

198 1638 432 1688 marinos
462 1640 548 1688 vel
579 1655 649 1688 ex
681 1638 929 1703 contagio
961 1639 1224 1688 sociorum
1260 1655 1394 1703 quos
1423 1639 1536 1703 jam
1578 1640 1744 1704 pestis
1773 1640 1904 1689 infe-

199 1726 345 1770 cerat
378 1721 585 1770 animas
617 1721 893 1785 ponebant
935 1720 1129 1770 statim
1162 1737 1284 1769 cum
1317 1721 1492 1785 petita
1533 1721 1744 1770 littora⁰
1777 1722 1904 1771 atti-

199 1802 418 1867 gissent.

269 1884 357 1932 Ita
379 1883 599 1933 miseros
623 1884 740 1933 illos
766 1884 1009 1949 populos,
1037 1899 1145 1932 non
1173 1884 1346 1933 solum
1374 1883 1429 1932 in
1457 1884 1627 1933 natali
1656 1885 1784 1942 solo,
1810 1885 1904 1934 sed

198 1970 252 2013 et
284 1980 623 2029 quocumque
657 1980 710 2013 se
743 1964 980 2013 conferre
1012 1968 1333 2028 satagerent,
1368 1965 1546 2014 luctus
1578 1969 1632 2014 et
1664 1965 1905 2014 lamenta

198 2047 575 2111 sequebantur.
625 2046 923 2095 Miserabile
968 2050 1083 2095 erat
1129 2050 1259 2095 tunc
1300 2046 1480 2096 videre
1523 2047 1801 2111 egencium
1847 2053 1902 2096 et

198 2128 563 2177 mendicorum
608 2128 887 2193 utriusque
933 2143 1090 2176 sexus
1135 2132 1379 2176 catervas
1424 2133 1478 2177 et
1524 2129 1764 2178 cumulos
1809 2146 1903 2194 per

197 2211 404 2274 plateas
430 2215 484 2259 et
510 2210 799 2275 hospitalia
825 2209 971 2259 urbis
1000 2209 1447 2274 Rothomagensis
1481 2215 1535 2259 et
1573 2210 1901 2275 singularum

197 2291 484 2340 civitatum
532 2296 585 2340 et
635 2291 918 2356 opidorum
967 2291 1138 2340 tocius
1187 2291 1531 2350 Normannie,
1583 2292 1778 2357 quibus
1826 2292 1902 2357 pii

197 2372 339 2421 cives
363 2377 416 2421 et
440 2372 662 2421 humani
686 2387 782 2437 pro
807 2371 1067 2421 concessis
1097 2371 1199 2420 sibi
1222 2371 1589 2430 facultatibus
1615 2376 1678 2421 ut
1711 2372 1901 2421 melius

196 2458 466 2517 poterant,¹
497 2454 790 2502 studebant
820 2453 1118 2511 subvenire,
1151 2458 1270 2501 tum
1299 2468 1421 2502 cum
1451 2453 1707 2502 frumenti
1735 2469 1896 2518 penu-

195 2534 274 2583 ria
317 2539 371 2583 et
415 2550 624 2584 annone
667 2535 883 2583 caristia
926 2535 994 2583 ob
1040 2535 1216 2583 cuitus
1256 2550 1504 2599 agrorum
1541 2535 1899 2584 desercionem

195 2616 428 2665 maxime
464 2621 655 2675 essent,
694 2616 772 2665 ita
807 2621 868 2665 ut
905 2616 1012 2665 suis
1047 2615 1274 2680 propriis
1308 2616 1717 2666 necessitatibus
1752 2616 1898 2666 evin·

196 2698 375 2747 cendis
399 2698 574 2763 major
597 2714 721 2763 pars
745 2698 839 2747 vix
864 2698 1143 2747 sufficeret.
1172 2697 1276 2761 Qui
1300 2697 1761 2747 habundanciores
1787 2698 1897 2762 opi-

195 2780 294 2828 bus
330 2784 482 2828 erant
526 2784 678 2828 tante
721 2779 1087 2828 mendicorum
1121 2779 1495 2828 numerositati
1537 2779 1754 2829 minime
1789 2779 1897 2829 suf-

198 2860 487 2910 ficiebantd
502 2861 536 2910 1.

255 3026 295 3051 α.
313 3013 651 3052 desolacionem
668 3013 721 3052 P.
737 3035 797 3040 -—
813 3013 850 3051 b.
867 3013 977 3051 tabe
994 3013 1047 3051 P.
1063 3034 1122 3039 -
1138 3024 1172 3051 c.
1190 3011 1348 3051 littera
1366 3012 1420 3051 P.
1437 3035 1496 3039 —
1512 3013 1553 3051 d.
1570 3012 1831 3051 sufficiebat
1844 3011 1887 3050 P
