2071 3302
195 212 256 256 54
293 210 623 242 PARISIENSIS
640 209 800 241 URBIS
817 209 1098 241 DOMINIUM
1116 208 1544 240 BURGUNDIONES
1561 208 1832 240 RETINENT

197 325 298 374 lius
326 324 509 374 auxilii
537 340 630 374 seu
657 323 838 374 solacii
863 323 1222 388 consequendi
1249 338 1399 387 spem
1424 322 1701 381 habentes,
1730 323 1815 371 vel
1843 321 1896 371 vi

199 409 253 455 et
276 404 437 454 armis
457 412 763 469 expugnare
784 404 870 453 vel
891 404 946 452 in
969 403 1301 452 dedicionem
1322 402 1568 467 recipere.

765 626 1181 676 CAPITULUM
1221 626 1332 674 XII

203 754 516 803 INGRESSUS
571 754 1050 802 BURGUNDIONUM
1119 766 1179 801 IN
1240 765 1435 800 URBEM
1499 751 1901 809 PARISIENSEM,

269 848 340 884 ET
374 848 487 896 QUE
522 848 701 883 CEDES
735 848 806 883 ET
840 847 1261 883 CRUDELITATES
1297 846 1442 883 ILLIC
1477 847 1726 883 SUBINDE
1761 846 1904 882 ACTE

272 925 468 966 SUNTa.

272 1058 375 1107 Sed
404 1064 457 1107 et
488 1074 628 1107 anno
661 1065 883 1115 .XVI110.,
915 1057 1133 1106 vivente
1163 1057 1338 1106 adhuc
1369 1057 1569 1105 Karolo
1597 1072 1716 1121 rege
1749 1056 1903 1114 ‚VI10.,

206 1140 393 1188 Karoli
415 1139 630 1204 septimi
657 1144 826 1204 patre,
852 1139 1004 1203 cujus
1024 1144 1176 1203 gesta
1195 1138 1447 1187 memorie
1467 1137 1777 1187 mandanda
1796 1154 1906 1187 sus-

204 1221 441 1285 cepimus
484 1221 594 1286 (qui
632 1221 864 1270 Karolus
905 1224 1071 1279 ‚V1¹1¹S.,
1110 1225 1171 1269 ut
1219 1236 1382 1284 supra
1415 1219 1710 1277 retulimus,
1750 1220 1908 1284 longa

204 1303 316 1367 jam
334 1303 604 1353 demencie
622 1303 920 1368 egritudine
936 1302 1316 1367 laboraverat),
1334 1301 1756 1366 BurgundioneS‚
1778 1301 1909 1351 satis

204 1385 396 1450 exiguo
439 1401 676 1444 numer0‚
723 1385 869 1449 vulgi
913 1384 1161 1442 factione,
1210 1383 1559 1433 Parisiensem
1600 1383 1789 1432 urbem
1831 1383 1908 1432 in-

205 1467 368 1530 gressi
383 1467 417 1525 1,
450 1467 580 1516 urbe
621 1467 783 1531 potiti
819 1472 961 1525 sunt,
995 1471 1048 1515 et
1080 1467 1133 1514 in
1163 1482 1227 1515 ea
1255 1465 1682 1515 dominacionem
1710 1466 1909 1515 habue-

205 1554 349 1607 runt,
388 1549 575 1598 eodem
612 1548 766 1598 tumb
804 1549 1004 1598 Karolo
1044 1549 1198 1606 ,VI10.,
1238 1548 1559 1597 titulotenus
1601 1547 1907 1605 dumtaxat,

205 1631 489 1695 imperium
512 1631 791 1680 retinente.

276 1712 401 1762 Fuit
442 1718 624 1762 autem
659 1712 1105 1778 Burgundionum
1143 1712 1471 1777 capitaneus,
1514 1713 1607 1776 qui
1644 1712 1750 1762 illic
1788 1728 1911 1761 cum

208 1794 316 1844 suis
344 1794 606 1845 militibus
635 1795 833 1859 plebis‘'
863 1795 1045 1844 favore
1074 1794 1410 1843 intromissus
1439 1798 1536 1853 est,
1569 1793 1817 1844 dominus
1846 1794 1910 1843 de

210 1875 393 1925 Insula
415 1877 530 1925 Ade
549 1877 581 1935 2,
607 1876 758 1926 miles
781 1882 1029 1926 strenuus
1053 1881 1217 1941 atque
1242 1875 1543 1925 acerrimus.
1571 1875 1705 1925 Cum
1729 1880 1912 1925 autem

209 1958 401 2007 Franci
438 1959 530 2022 qui
567 1958 858 2008 Arminiaci
896 1957 1064 2007 dictisl
1100 1974 1295 2023 magno
1330 1973 1552 2007 numero
1591 1964 1720 2007 tunc
1757 1957 1813 2006 in
1850 1973 1913 2006 ea

209 2039 340 2088 urbe
375 2044 566 2098 essent,
597 2056 708 2090 sese
742 2040 797 2088 in
825 2055 1015 2104 agmen
1042 2055 1210 2087 unum
1237 2043 1496 2103 cogentes?
1519 2043 1574 2087 et
1606 2039 1671 2087 de
1698 2038 1914 2088 bastilia

210 2136 303 2169 seu
329 2126 504 2170 castro
535 2121 747 2171 Sanctie
781 2120 1043 2170 Anthonii
1079 2125 1132 2168 et
1173 2120 1364 2185 plateis
1391 2119 1580 2169 vicinis
1614 2125 1778 2184 atque
1805 2120 1911 2169 edi-

210 2202 310 2251 bus
353 2208 708 2267 erumpentes,
754 2208 1037 2252 tentarunt
1091 2202 1251 2252 armis
1291 2202 1698 2266 Burgundiones
1747 2202 1912 2266 repel-

209 2284 314 2333 lere
354 2289 517 2349 atque
555 2285 701 2334 urbis
741 2285 1037 2334 dominium
1075 2284 1316 2334 retinere.
1359 2284 1462 2334 Sed
1499 2283 1646 2333 urbis
1683 2284 1913 2348 populus

211 2370 368 2414 tanto
396 2370 525 2414 tunc
551 2366 606 2414 in
632 2366 1105 2430 Armini[a]corum
1130 2381 1325 2414 nomen
1353 2381 1414 2414 ac
1440 2370 1655 2430 gentem
1680 2365 1913 2415 inardes-

212 2446 368 2495 cebat
393 2447 531 2505 odio,
557 2451 618 2495 ut
642 2446 744 2510 ipsi
766 2447 820 2495 in
844 2451 959 2495 tam
981 2461 1265 2495 numerosa
1287 2445 1633 2494 multitudine
1657 2461 1723 2494 ex
1746 2445 1913 2494 omni-

212 2527 313 2575 bus
347 2527 584 2576 civitatis
629 2528 888 2592 partibus,
926 2543 1034 2576 una
1068 2542 1190 2576 cum
1221 2526 1693 2591 Burgundionibus
1733 2526 1788 2575 in
1823 2526 1913 2575 ad-

213 2608 473 2658 versarios
503 2609 780 2667 irruerent,
815 2609 960 2673 quod
991 2625 1079 2658 eos
1110 2608 1309 2673 partim
1340 2623 1501 2666 cesos,
1535 2607 1734 2672 partim
1765 2608 1914 2673 fuga-

214 2696 315 2748 tos,
348 2695 401 2739 et
432 2691 562 2739 urbe
600 2696 653 2740 et
684 2691 924 2756 predicto
955 2696 1130 2740 castro
1172 2690 1343 2740 sancti
1374 2689 1634 2739 Anthonii
1663 2690 1915 2739 excedere

213 2771 413 2822 invitos
425 2774 453 2809 s
482 2777 786 2822 coartarent
808 2788 818 2830 ;
850 2773 924 2822 sic
952 2772 1097 2838 quod
1126 2772 1252 2821 urbs
1280 2772 1396 2836 ipsa
1423 2771 1581 2835 regia,
1607 2771 1760 2836 plebe
1789 2771 1915 2821 civi-

277 2952 318 2980 a.
331 2939 424 2979 sint
436 2940 488 2979 P.
499 2962 559 2967 —
576 2940 613 2980 b.
626 2940 692 2979 De
708 2940 751 2979 la
765 2939 890 2979 main
905 2940 954 2979 de
969 2938 1173 2986 l’auteur,
1187 2950 1238 2976 en
1258 2938 1307 2978 G.
1319 2960 1378 2966 —
1391 2950 1425 2977 c.
1441 2938 1592 2989 plebei
1606 2939 1659 2977 P.
1671 2960 1731 2966 —-
1743 2938 1784 2978 d.
1799 2937 1916 2977 Cum
