<?xml version="1.0" encoding="UTF-8"?>
<!DOCTYPE html PUBLIC "-//W3C//DTD XHTML 1.0 Transitional//EN"
    "http://www.w3.org/TR/xhtml1/DTD/xhtml1-transitional.dtd">
<html xmlns="http://www.w3.org/1999/xhtml" xml:lang="en" lang="en">
 <head>
  <title>
</title>
<meta http-equiv="Content-Type" content="text/html;charset=utf-8" />
  <meta name='ocr-system' content='tesseract 3.04.00' />
  <meta name='ocr-capabilities' content='ocr_page ocr_carea ocr_par ocr_line ocrx_word'/>
</head>
<body>
  <div class='ocr_page' id='page_1' title='image "./histoiredecharle00basi_0102.png"; bbox 0 0 2071 3302; ppageno 0'>
   <div class='ocr_carea' id='block_1_1' title="bbox 194 212 1665 277">
    <p class='ocr_par' dir='ltr' id='par_1_1' title="bbox 194 212 1665 277">
     <span class='ocr_line' id='line_1_1' title="bbox 194 212 1665 277; baseline -0.006 -14"><span class='ocrx_word' id='word_1_1' title='bbox 194 234 252 277; x_wconf 85' lang='lat'>52</span> <span class='ocrx_word' id='word_1_2' title='bbox 393 231 538 262; x_wconf 82' lang='lat' dir='ltr'><strong>APUD</strong></span> <span class='ocrx_word' id='word_1_3' title='bbox 575 229 784 261; x_wconf 82' lang='lat' dir='ltr'>TOLCAM</span> <span class='ocrx_word' id='word_1_4' title='bbox 822 229 931 259; x_wconf 85' lang='lat' dir='ltr'>REX</span> <span class='ocrx_word' id='word_1_5' title='bbox 966 227 1203 258; x_wconf 85' lang='lat' dir='ltr'>ANGLIAE</span> <span class='ocrx_word' id='word_1_6' title='bbox 1238 225 1465 257; x_wconf 87' lang='lat' dir='ltr'>APPULIT</span> <span class='ocrx_word' id='word_1_7' title='bbox 1505 212 1665 269; x_wconf 91' lang='lat'>(1417)</span> 
     </span>
    </p>
   </div>
   <div class='ocr_carea' id='block_1_2' title="bbox 194 338 1917 1803">
    <p class='ocr_par' dir='ltr' id='par_1_2' title="bbox 194 338 1904 559">
     <span class='ocr_line' id='line_1_2' title="bbox 194 338 1904 409; baseline -0.006 -13"><span class='ocrx_word' id='word_1_8' title='bbox 194 346 295 396; x_wconf 88' lang='lat' dir='ltr'>mis</span> <span class='ocrx_word' id='word_1_9' title='bbox 319 361 426 394; x_wconf 93' lang='lat' dir='ltr'>non</span> <span class='ocrx_word' id='word_1_10' title='bbox 451 344 651 409; x_wconf 86' lang='lat' dir='ltr'>Anglos</span> <span class='ocrx_word' id='word_1_11' title='bbox 674 347 890 408; x_wconf 80' lang='lat' dir='ltr'><strong>gentem</strong></span> <span class='ocrx_word' id='word_1_12' title='bbox 915 346 1078 406; x_wconf 88' lang='lat' dir='ltr'>atque</span> <span class='ocrx_word' id='word_1_13' title='bbox 1102 340 1344 389; x_wconf 91' lang='lat' dir='ltr'>homines</span> <span class='ocrx_word' id='word_1_14' title='bbox 1367 355 1495 397; x_wconf 89' lang='lat' dir='ltr'>esse,</span> <span class='ocrx_word' id='word_1_15' title='bbox 1523 339 1616 388; x_wconf 94' lang='lat' dir='ltr'>sed</span> <span class='ocrx_word' id='word_1_16' title='bbox 1644 338 1904 387; x_wconf 82' lang='lat' dir='ltr'>immanes</span> 
     </span>
     <span class='ocr_line' id='line_1_3' title="bbox 197 413 1903 494; baseline -0.006 -17"><span class='ocrx_word' id='word_1_17' title='bbox 197 427 461 494; x_wconf 90' lang='lat' dir='ltr'>quasdam</span> <span class='ocrx_word' id='word_1_18' title='bbox 483 431 536 475; x_wconf 89' lang='lat' dir='ltr'>et</span> <span class='ocrx_word' id='word_1_19' title='bbox 560 413 912 474; x_wconf 84' lang='lat' dir='ltr'>ferocissimas</span> <span class='ocrx_word' id='word_1_20' title='bbox 933 423 1134 480; x_wconf 82' lang='lat' dir='ltr'>beluaS‚</span> <span class='ocrx_word' id='word_1_21' title='bbox 1160 437 1263 486; x_wconf 90' lang='lat' dir='ltr'>que</span> <span class='ocrx_word' id='word_1_22' title='bbox 1286 421 1355 469; x_wconf 91' lang='lat' dir='ltr'>ad</span> <span class='ocrx_word' id='word_1_23' title='bbox 1378 420 1713 469; x_wconf 86' lang='lat' dir='ltr'>devorandos</span> <span class='ocrx_word' id='word_1_24' title='bbox 1736 435 1903 484; x_wconf 92' lang='lat' dir='ltr'>popu—</span> 
     </span>
     <span class='ocr_line' id='line_1_4' title="bbox 199 504 862 559; baseline -0.011 0"><span class='ocrx_word' id='word_1_25' title='bbox 199 510 277 559; x_wconf 91' lang='lat' dir='ltr'>los</span> <span class='ocrx_word' id='word_1_26' title='bbox 293 517 315 537; x_wconf 71' lang='grc' dir='ltr'><em>α</em></span> <span class='ocrx_word' id='word_1_27' title='bbox 343 524 452 557; x_wconf 92' lang='grc'>5656</span> <span class='ocrx_word' id='word_1_28' title='bbox 477 506 811 556; x_wconf 80' lang='lat' dir='ltr'>effunderent</span> <span class='ocrx_word' id='word_1_29' title='bbox 829 504 862 553; x_wconf 84' lang='lat'>1.</span> 
     </span>
    </p>

    <p class='ocr_par' dir='ltr' id='par_1_3' title="bbox 204 587 1917 1803">
     <span class='ocr_line' id='line_1_5' title="bbox 271 587 1907 653; baseline -0.006 -10"><span class='ocrx_word' id='word_1_30' title='bbox 271 593 468 643; x_wconf 79' lang='lat' dir='ltr'><strong>Statim</strong></span> <span class='ocrx_word' id='word_1_31' title='bbox 506 596 689 641; x_wconf 89' lang='lat' dir='ltr'>autem</span> <span class='ocrx_word' id='word_1_32' title='bbox 726 594 787 639; x_wconf 91' lang='lat' dir='ltr'>ut</span> <span class='ocrx_word' id='word_1_33' title='bbox 825 588 926 653; x_wconf 88' lang='lat' dir='ltr'>ipsi</span> <span class='ocrx_word' id='word_1_34' title='bbox 962 587 1120 652; x_wconf 85' lang='lat' dir='ltr'>Angli</span> <span class='ocrx_word' id='word_1_35' title='bbox 1157 587 1342 636; x_wconf 80' lang='lat' dir='ltr'>littora</span> <span class='ocrx_word' id='word_1_36' title='bbox 1382 591 1686 644; x_wconf 92' lang='lat' dir='ltr'>tenuerunt,</span> <span class='ocrx_word' id='word_1_37' title='bbox 1727 590 1907 634; x_wconf 93' lang='lat' dir='ltr'>custos</span> 
     </span>
     <span class='ocr_line' id='line_1_6' title="bbox 204 666 1908 738; baseline -0.006 -12"><span class='ocrx_word' id='word_1_38' title='bbox 204 677 338 726; x_wconf 89' lang='lat' dir='ltr'>arcis</span> <span class='ocrx_word' id='word_1_39' title='bbox 367 675 570 738; x_wconf 89' lang='lat' dir='ltr'>Tolque</span> <span class='ocrx_word' id='word_1_40' title='bbox 586 672 620 731; x_wconf 83' lang='lat'>2,</span> <span class='ocrx_word' id='word_1_41' title='bbox 653 672 707 720; x_wconf 90' lang='lat' dir='ltr'>in</span> <span class='ocrx_word' id='word_1_42' title='bbox 739 670 884 720; x_wconf 89' lang='lat' dir='ltr'>collis</span> <span class='ocrx_word' id='word_1_43' title='bbox 914 669 1112 719; x_wconf 88' lang='lat' dir='ltr'>vertice</span> <span class='ocrx_word' id='word_1_44' title='bbox 1143 669 1259 727; x_wconf 89' lang='lat' dir='ltr'>site,</span> <span class='ocrx_word' id='word_1_45' title='bbox 1292 668 1477 717; x_wconf 91' lang='lat' dir='ltr'>relicta</span> <span class='ocrx_word' id='word_1_46' title='bbox 1507 683 1641 725; x_wconf 92' lang='lat' dir='ltr'>arce,</span> <span class='ocrx_word' id='word_1_47' title='bbox 1674 666 1908 731; x_wconf 87' lang='lat' dir='ltr'>Anglicis</span> 
     </span>
     <span class='ocr_line' id='line_1_7' title="bbox 205 748 1907 816; baseline -0.008 -7"><span class='ocrx_word' id='word_1_48' title='bbox 205 758 392 815; x_wconf 87' lang='lat' dir='ltr'>cessit;</span> <span class='ocrx_word' id='word_1_49' title='bbox 436 761 489 805; x_wconf 94' lang='lat' dir='ltr'>et</span> <span class='ocrx_word' id='word_1_50' title='bbox 532 753 829 803; x_wconf 83' lang='lat' dir='ltr'>Lexovium</span> <span class='ocrx_word' id='word_1_51' title='bbox 870 767 1038 816; x_wconf 90' lang='lat' dir='ltr'>usque</span> <span class='ocrx_word' id='word_1_52' title='bbox 1079 767 1145 799; x_wconf 85' lang='lat' dir='ltr'>ex</span> <span class='ocrx_word' id='word_1_53' title='bbox 1191 750 1318 814; x_wconf 91' lang='lat' dir='ltr'>ipsis</span> <span class='ocrx_word' id='word_1_54' title='bbox 1358 748 1575 814; x_wconf 81' lang='lat' dir='ltr'>Anglis‘’</span> <span class='ocrx_word' id='word_1_55' title='bbox 1616 748 1795 813; x_wconf 80' lang='lat' dir='ltr'>aliqui</span> <span class='ocrx_word' id='word_1_56' title='bbox 1819 764 1907 797; x_wconf 92' lang='lat' dir='ltr'>ve-</span> 
     </span>
     <span class='ocr_line' id='line_1_8' title="bbox 204 830 1908 903; baseline -0.006 -14"><span class='ocrx_word' id='word_1_57' title='bbox 204 840 412 889; x_wconf 91' lang='lat' dir='ltr'>nientes</span> <span class='ocrx_word' id='word_1_58' title='bbox 440 839 560 903; x_wconf 89' lang='lat' dir='ltr'>(que</span> <span class='ocrx_word' id='word_1_59' title='bbox 584 835 776 885; x_wconf 87' lang='lat' dir='ltr'>civitas</span> <span class='ocrx_word' id='word_1_60' title='bbox 798 834 853 882; x_wconf 89' lang='lat' dir='ltr'>in</span> <span class='ocrx_word' id='word_1_61' title='bbox 876 834 967 883; x_wconf 88' lang='lat' dir='ltr'>illa</span> <span class='ocrx_word' id='word_1_62' title='bbox 988 833 1126 882; x_wconf 87' lang='lat' dir='ltr'>valle</span> <span class='ocrx_word' id='word_1_63' title='bbox 1154 846 1242 882; x_wconf 88' lang='lat' dir='ltr'>.V1.</span> <span class='ocrx_word' id='word_1_64' title='bbox 1266 831 1466 896; x_wconf 84' lang='lat' dir='ltr'>gallicis</span> <span class='ocrx_word' id='word_1_65' title='bbox 1488 830 1783 880; x_wconf 84' lang='lat' dir='ltr'>miliaribus</span> <span class='ocrx_word' id='word_1_66' title='bbox 1806 830 1908 879; x_wconf 91' lang='lat' dir='ltr'>dis-</span> 
     </span>
     <span class='ocr_line' id='line_1_9' title="bbox 207 911 1908 983; baseline -0.007 -12"><span class='ocrx_word' id='word_1_67' title='bbox 207 927 290 971; x_wconf 85' lang='lat' dir='ltr'>tat</span> <span class='ocrx_word' id='word_1_68' title='bbox 326 937 358 970; x_wconf 93' lang='lat' dir='ltr'>a</span> <span class='ocrx_word' id='word_1_69' title='bbox 390 919 563 983; x_wconf 90' lang='lat' dir='ltr'>mari),</span> <span class='ocrx_word' id='word_1_70' title='bbox 600 917 758 966; x_wconf 91' lang='lat' dir='ltr'>nullis</span> <span class='ocrx_word' id='word_1_71' title='bbox 792 916 897 965; x_wconf 91' lang='lat' dir='ltr'>illic</span> <span class='ocrx_word' id='word_1_72' title='bbox 930 914 1328 964; x_wconf 90' lang='lat' dir='ltr'>habitatoribus</span> <span class='ocrx_word' id='word_1_73' title='bbox 1361 912 1610 970; x_wconf 78' lang='lat' dir='ltr'>inventiS,</span> <span class='ocrx_word' id='word_1_74' title='bbox 1645 911 1747 961; x_wconf 92' lang='lat' dir='ltr'>nisi</span> <span class='ocrx_word' id='word_1_75' title='bbox 1780 927 1908 976; x_wconf 91' lang='lat' dir='ltr'>quo-</span> 
     </span>
     <span class='ocr_line' id='line_1_10' title="bbox 207 993 1910 1061; baseline -0.006 -9"><span class='ocrx_word' id='word_1_76' title='bbox 207 1003 333 1052; x_wconf 90' lang='lat' dir='ltr'>dam</span> <span class='ocrx_word' id='word_1_77' title='bbox 387 1017 509 1052; x_wconf 92' lang='lat' dir='ltr'>sene</span> <span class='ocrx_word' id='word_1_78' title='bbox 561 998 775 1048; x_wconf 90' lang='lat' dir='ltr'>homine</span> <span class='ocrx_word' id='word_1_79' title='bbox 829 1003 882 1046; x_wconf 91' lang='lat' dir='ltr'>et</span> <span class='ocrx_word' id='word_1_80' title='bbox 932 996 1168 1061; x_wconf 92' lang='lat' dir='ltr'>quadam</span> <span class='ocrx_word' id='word_1_81' title='bbox 1220 995 1531 1044; x_wconf 88' lang='lat' dir='ltr'>muliercula</span> <span class='ocrx_word' id='word_1_82' title='bbox 1546 994 1580 1052; x_wconf 81' lang='grc'>3,</span> <span class='ocrx_word' id='word_1_83' title='bbox 1632 993 1910 1043; x_wconf 86' lang='lat' dir='ltr'>civitatem</span> 
     </span>
     <span class='ocr_line' id='line_1_11' title="bbox 209 1075 1909 1150; baseline -0.006 -16"><span class='ocrx_word' id='word_1_84' title='bbox 209 1086 383 1150; x_wconf 85' lang='lat' dir='ltr'>ipsam</span> <span class='ocrx_word' id='word_1_85' title='bbox 420 1085 733 1146; x_wconf 92' lang='lat' dir='ltr'>receperunt</span> <span class='ocrx_word' id='word_1_86' title='bbox 748 1089 781 1128; x_wconf 70' lang='lat'>⁰.</span> <span class='ocrx_word' id='word_1_87' title='bbox 825 1078 1243 1127; x_wconf 81' lang='lat' dir='ltr'>Procedentibus</span> <span class='ocrx_word' id='word_1_88' title='bbox 1280 1093 1406 1126; x_wconf 89' lang='lat' dir='ltr'>vero</span> <span class='ocrx_word' id='word_1_89' title='bbox 1445 1092 1538 1141; x_wconf 93' lang='lat' dir='ltr'>per</span> <span class='ocrx_word' id='word_1_90' title='bbox 1576 1082 1744 1126; x_wconf 91' lang='lat' dir='ltr'>terras</span> <span class='ocrx_word' id='word_1_91' title='bbox 1781 1075 1909 1124; x_wconf 84' lang='lat' dir='ltr'>infe-</span> 
     </span>
     <span class='ocr_line' id='line_1_12' title="bbox 207 1158 1911 1222; baseline -0.006 -7"><span class='ocrx_word' id='word_1_92' title='bbox 207 1165 358 1215; x_wconf 90' lang='lat' dir='ltr'>rioris</span> <span class='ocrx_word' id='word_1_93' title='bbox 396 1162 739 1220; x_wconf 92' lang='lat' dir='ltr'>Normannie,</span> <span class='ocrx_word' id='word_1_94' title='bbox 782 1177 904 1210; x_wconf 92' lang='lat' dir='ltr'>cum</span> <span class='ocrx_word' id='word_1_95' title='bbox 943 1160 1312 1217; x_wconf 89' lang='lat' dir='ltr'>Cadomenses‚</span> <span class='ocrx_word' id='word_1_96' title='bbox 1355 1158 1633 1222; x_wconf 91' lang='lat' dir='ltr'>aliquanto</span> <span class='ocrx_word' id='word_1_97' title='bbox 1672 1162 1911 1222; x_wconf 91' lang='lat' dir='ltr'>tempore</span> 
     </span>
     <span class='ocr_line' id='line_1_13' title="bbox 210 1239 1913 1307; baseline -0.006 -10"><span class='ocrx_word' id='word_1_98' title='bbox 210 1246 424 1304; x_wconf 90' lang='lat' dir='ltr'>obsessi,</span> <span class='ocrx_word' id='word_1_99' title='bbox 463 1244 801 1301; x_wconf 89' lang='lat' dir='ltr'>restitissent,</span> <span class='ocrx_word' id='word_1_100' title='bbox 841 1258 1070 1307; x_wconf 88' lang='lat' dir='ltr'>quorum</span> <span class='ocrx_word' id='word_1_101' title='bbox 1107 1246 1221 1289; x_wconf 91' lang='lat' dir='ltr'>erat</span> <span class='ocrx_word' id='word_1_102' title='bbox 1257 1239 1413 1289; x_wconf 67' lang='lat' dir='ltr'>tums‘</span> <span class='ocrx_word' id='word_1_103' title='bbox 1449 1239 1913 1304; x_wconf 90' lang='lat' dir='ltr'>opulentissimum</span> 
     </span>
     <span class='ocr_line' id='line_1_14' title="bbox 211 1320 1913 1394; baseline -0.006 -15"><span class='ocrx_word' id='word_1_104' title='bbox 211 1329 433 1394; x_wconf 91' lang='lat' dir='ltr'>opidum</span> <span class='ocrx_word' id='word_1_105' title='bbox 460 1332 513 1376; x_wconf 93' lang='lat' dir='ltr'>et</span> <span class='ocrx_word' id='word_1_106' title='bbox 541 1326 877 1391; x_wconf 91' lang='lat' dir='ltr'>populosum,</span> <span class='ocrx_word' id='word_1_107' title='bbox 909 1323 1062 1373; x_wconf 80' lang='lat' dir='ltr'>facile</span> <span class='ocrx_word' id='word_1_108' title='bbox 1089 1321 1384 1387; x_wconf 83' lang='lat' dir='ltr'>expugnati</span> <span class='ocrx_word' id='word_1_109' title='bbox 1411 1326 1463 1371; x_wconf 93' lang='lat' dir='ltr'>et</span> <span class='ocrx_word' id='word_1_110' title='bbox 1493 1321 1638 1386; x_wconf 90' lang='lat' dir='ltr'>capti</span> <span class='ocrx_word' id='word_1_111' title='bbox 1664 1326 1806 1379; x_wconf 90' lang='lat' dir='ltr'>sunt,</span> <span class='ocrx_word' id='word_1_112' title='bbox 1838 1320 1913 1369; x_wconf 91' lang='lat' dir='ltr'>di-</span> 
     </span>
     <span class='ocr_line' id='line_1_15' title="bbox 212 1402 1915 1476; baseline -0.006 -16"><span class='ocrx_word' id='word_1_113' title='bbox 212 1416 366 1476; x_wconf 93' lang='lat' dir='ltr'>repto</span> <span class='ocrx_word' id='word_1_114' title='bbox 392 1408 552 1474; x_wconf 92' lang='lat' dir='ltr'>opido</span> <span class='ocrx_word' id='word_1_115' title='bbox 577 1413 631 1456; x_wconf 95' lang='lat' dir='ltr'>et</span> <span class='ocrx_word' id='word_1_116' title='bbox 656 1406 840 1456; x_wconf 90' lang='lat' dir='ltr'>multis</span> <span class='ocrx_word' id='word_1_117' title='bbox 866 1422 931 1454; x_wconf 82' lang='lat' dir='ltr'>ex</span> <span class='ocrx_word' id='word_1_118' title='bbox 956 1405 1163 1454; x_wconf 89' lang='lat' dir='ltr'>civibus</span> <span class='ocrx_word' id='word_1_119' title='bbox 1188 1403 1471 1453; x_wconf 89' lang='lat' dir='ltr'>trucidatis</span> <span class='ocrx_word' id='word_1_120' title='bbox 1506 1403 1719 1468; x_wconf 91' lang='lat' dir='ltr'>suisque</span> <span class='ocrx_word' id='word_1_121' title='bbox 1751 1402 1915 1467; x_wconf 88' lang='lat' dir='ltr'>patri-</span> 
     </span>
     <span class='ocr_line' id='line_1_16' title="bbox 213 1484 1916 1552; baseline -0.006 -10"><span class='ocrx_word' id='word_1_122' title='bbox 213 1491 405 1542; x_wconf 89' lang='lat' dir='ltr'>moniis</span> <span class='ocrx_word' id='word_1_123' title='bbox 438 1490 585 1540; x_wconf 75' lang='lat' dir='ltr'>aliis6</span> <span class='ocrx_word' id='word_1_124' title='bbox 615 1489 783 1538; x_wconf 92' lang='lat' dir='ltr'>eciam</span> <span class='ocrx_word' id='word_1_125' title='bbox 821 1486 1062 1552; x_wconf 89' lang='lat' dir='ltr'>spoliatis</span> <span class='ocrx_word' id='word_1_126' title='bbox 1078 1486 1113 1535; x_wconf 83' lang='lat'>4.</span> <span class='ocrx_word' id='word_1_127' title='bbox 1149 1487 1276 1535; x_wconf 91' lang='lat' dir='ltr'>Post</span> <span class='ocrx_word' id='word_1_128' title='bbox 1309 1484 1619 1549; x_wconf 82' lang='lat' dir='ltr'>hujusmodi</span> <span class='ocrx_word' id='word_1_129' title='bbox 1650 1500 1777 1533; x_wconf 89' lang='lat' dir='ltr'>vero</span> <span class='ocrx_word' id='word_1_130' title='bbox 1814 1484 1916 1533; x_wconf 90' lang='lat' dir='ltr'>cla-</span> 
     </span>
     <span class='ocr_line' id='line_1_17' title="bbox 216 1565 1917 1635; baseline -0.006 -11"><span class='ocrx_word' id='word_1_131' title='bbox 216 1575 338 1624; x_wconf 94' lang='lat' dir='ltr'>dem</span> <span class='ocrx_word' id='word_1_132' title='bbox 367 1572 481 1622; x_wconf 91' lang='lat' dir='ltr'>aliis</span> <span class='ocrx_word' id='word_1_133' title='bbox 510 1570 738 1635; x_wconf 91' lang='lat' dir='ltr'>amplius</span> <span class='ocrx_word' id='word_1_134' title='bbox 768 1568 1050 1626; x_wconf 55' lang='lat' dir='ltr'>deterritis</span> <span class='ocrx_word' id='word_1_135' title='bbox 1076 1567 1306 1632; x_wconf 89' lang='lat' dir='ltr'>plurima</span> <span class='ocrx_word' id='word_1_136' title='bbox 1334 1566 1495 1631; x_wconf 91' lang='lat' dir='ltr'>opida</span> <span class='ocrx_word' id='word_1_137' title='bbox 1523 1567 1617 1615; x_wconf 81' lang='lat' dir='ltr'>ets</span> <span class='ocrx_word' id='word_1_138' title='bbox 1644 1567 1761 1616; x_wconf 90' lang='lat' dir='ltr'>loca</span> <span class='ocrx_word' id='word_1_139' title='bbox 1787 1565 1917 1614; x_wconf 83' lang='lat' dir='ltr'>infe-</span> 
     </span>
     <span class='ocr_line' id='line_1_18' title="bbox 215 1647 1917 1714; baseline -0.006 -9"><span class='ocrx_word' id='word_1_140' title='bbox 215 1655 366 1705; x_wconf 90' lang='lat' dir='ltr'>rioris</span> <span class='ocrx_word' id='word_1_141' title='bbox 387 1652 715 1703; x_wconf 89' lang='lat' dir='ltr'>Normannie</span> <span class='ocrx_word' id='word_1_142' title='bbox 732 1651 764 1709; x_wconf 83' lang='lat'>5,</span> <span class='ocrx_word' id='word_1_143' title='bbox 790 1651 936 1700; x_wconf 92' lang='lat' dir='ltr'>nullo</span> <span class='ocrx_word' id='word_1_144' title='bbox 958 1666 1091 1714; x_wconf 91' lang='lat' dir='ltr'>pene</span> <span class='ocrx_word' id='word_1_145' title='bbox 1113 1649 1330 1714; x_wconf 86' lang='lat' dir='ltr'>negocio</span> <span class='ocrx_word' id='word_1_146' title='bbox 1352 1648 1407 1697; x_wconf 92' lang='lat' dir='ltr'>in</span> <span class='ocrx_word' id='word_1_147' title='bbox 1429 1647 1760 1697; x_wconf 86' lang='lat' dir='ltr'>dedicionem</span> <span class='ocrx_word' id='word_1_148' title='bbox 1781 1663 1917 1696; x_wconf 91' lang='lat' dir='ltr'>rece-</span> 
     </span>
     <span class='ocr_line' id='line_1_19' title="bbox 218 1741 429 1803; baseline -0.009 -16"><span class='ocrx_word' id='word_1_149' title='bbox 218 1741 429 1803; x_wconf 87' lang='lat' dir='ltr'>perunt.</span> 
     </span>
    </p>
   </div>
   <div class='ocr_carea' id='block_1_3' title="bbox 219 1814 1924 2371">
    <p class='ocr_par' dir='ltr' id='par_1_4' title="bbox 219 1814 1924 2371">
     <span class='ocr_line' id='line_1_20' title="bbox 286 1814 1920 1886; baseline -0.005 -15"><span class='ocrx_word' id='word_1_150' title='bbox 286 1821 520 1886; x_wconf 85' lang='lat' dir='ltr'>Anglicis</span> <span class='ocrx_word' id='word_1_151' title='bbox 547 1820 785 1885; x_wconf 90' lang='lat' dir='ltr'>quippe</span> <span class='ocrx_word' id='word_1_152' title='bbox 812 1818 881 1867; x_wconf 92' lang='lat' dir='ltr'>ad</span> <span class='ocrx_word' id='word_1_153' title='bbox 908 1817 1201 1882; x_wconf 89' lang='lat' dir='ltr'>optinenda</span> <span class='ocrx_word' id='word_1_154' title='bbox 1227 1832 1330 1881; x_wconf 91' lang='lat' dir='ltr'>que</span> <span class='ocrx_word' id='word_1_155' title='bbox 1356 1816 1571 1874; x_wconf 89' lang='lat' dir='ltr'>vellent,</span> <span class='ocrx_word' id='word_1_156' title='bbox 1596 1814 1765 1865; x_wconf 79' lang='lat' dir='ltr'>facilis</span> <span class='ocrx_word' id='word_1_157' title='bbox 1790 1821 1920 1864; x_wconf 90' lang='lat' dir='ltr'>tunc</span> 
     </span>
     <span class='ocr_line' id='line_1_21' title="bbox 219 1896 1921 1970; baseline -0.005 -17"><span class='ocrx_word' id='word_1_158' title='bbox 219 1904 444 1970; x_wconf 92' lang='lat' dir='ltr'>patebat</span> <span class='ocrx_word' id='word_1_159' title='bbox 468 1902 572 1951; x_wconf 87' lang='lat' dir='ltr'>via.</span> <span class='ocrx_word' id='word_1_160' title='bbox 600 1902 743 1950; x_wconf 91' lang='lat' dir='ltr'>Nam</span> <span class='ocrx_word' id='word_1_161' title='bbox 767 1916 890 1949; x_wconf 93' lang='lat' dir='ltr'>cum</span> <span class='ocrx_word' id='word_1_162' title='bbox 913 1899 1052 1947; x_wconf 89' lang='lat' dir='ltr'>inter</span> <span class='ocrx_word' id='word_1_163' title='bbox 1077 1914 1145 1956; x_wconf 89' lang='lat' dir='ltr'>se,</span> <span class='ocrx_word' id='word_1_164' title='bbox 1175 1898 1267 1962; x_wconf 91' lang='lat' dir='ltr'>qui</span> <span class='ocrx_word' id='word_1_165' title='bbox 1291 1897 1608 1946; x_wconf 89' lang='lat' dir='ltr'>dicebantur</span> <span class='ocrx_word' id='word_1_166' title='bbox 1630 1896 1921 1945; x_wconf 89' lang='lat' dir='ltr'>Arminiaci</span> 
     </span>
     <span class='ocr_line' id='line_1_22' title="bbox 220 1973 1922 2050; baseline -0.006 -13"><span class='ocrx_word' id='word_1_167' title='bbox 220 1993 274 2037; x_wconf 93' lang='lat' dir='ltr'>et</span> <span class='ocrx_word' id='word_1_168' title='bbox 312 1984 735 2050; x_wconf 85' lang='lat' dir='ltr'>Burgundiones,</span> <span class='ocrx_word' id='word_1_169' title='bbox 777 1980 1128 2031; x_wconf 68' lang='lat' dir='ltr'>acerbissimis</span> <span class='ocrx_word' id='word_1_170' title='bbox 1170 1980 1303 2029; x_wconf 91' lang='lat' dir='ltr'>odiis</span> <span class='ocrx_word' id='word_1_171' title='bbox 1346 1979 1567 2037; x_wconf 90' lang='lat' dir='ltr'>accensi,</span> <span class='ocrx_word' id='word_1_172' title='bbox 1605 1973 1698 2043; x_wconf 90' lang='lat' dir='ltr'>per</span> <span class='ocrx_word' id='word_1_173' title='bbox 1739 1994 1922 2027; x_wconf 90' lang='lat' dir='ltr'>omnes</span> 
     </span>
     <span class='ocr_line' id='line_1_23' title="bbox 222 2059 1923 2131; baseline -0.005 -15"><span class='ocrx_word' id='word_1_174' title='bbox 222 2068 328 2117; x_wconf 82' lang='lat' dir='ltr'>fere</span> <span class='ocrx_word' id='word_1_175' title='bbox 362 2066 509 2131; x_wconf 85' lang='lat' dir='ltr'>regni</span> <span class='ocrx_word' id='word_1_176' title='bbox 543 2070 723 2129; x_wconf 88' lang='lat' dir='ltr'>partes</span> <span class='ocrx_word' id='word_1_177' title='bbox 757 2063 953 2128; x_wconf 87' lang='lat' dir='ltr'>jugiter</span> <span class='ocrx_word' id='word_1_178' title='bbox 988 2062 1319 2118; x_wconf 89' lang='lat' dir='ltr'>dimicarent,</span> <span class='ocrx_word' id='word_1_179' title='bbox 1357 2066 1410 2109; x_wconf 94' lang='lat' dir='ltr'>et</span> <span class='ocrx_word' id='word_1_180' title='bbox 1445 2060 1592 2124; x_wconf 84' lang='lat' dir='ltr'>regni</span> <span class='ocrx_word' id='word_1_181' title='bbox 1625 2059 1923 2109; x_wconf 89' lang='lat' dir='ltr'>vastacioni</span> 
     </span>
     <span class='ocr_line' id='line_1_24' title="bbox 223 2141 1924 2214; baseline -0.006 -14"><span class='ocrx_word' id='word_1_182' title='bbox 223 2156 385 2214; x_wconf 89' lang='lat' dir='ltr'>atque</span> <span class='ocrx_word' id='word_1_183' title='bbox 419 2146 758 2213; x_wconf 89' lang='lat' dir='ltr'>populacioni</span> <span class='ocrx_word' id='word_1_184' title='bbox 792 2143 1198 2210; x_wconf 91' lang='lat' dir='ltr'>propensissime</span> <span class='ocrx_word' id='word_1_185' title='bbox 1231 2141 1627 2200; x_wconf 63' lang='lat' dir='ltr'>intenderenth,</span> <span class='ocrx_word' id='word_1_186' title='bbox 1657 2141 1753 2190; x_wconf 91' lang='lat' dir='ltr'>tali</span> <span class='ocrx_word' id='word_1_187' title='bbox 1786 2141 1924 2190; x_wconf 89' lang='lat' dir='ltr'>inter</span> 
     </span>
     <span class='ocr_line' id='line_1_25' title="bbox 224 2223 1921 2293; baseline -0.006 -12"><span class='ocrx_word' id='word_1_188' title='bbox 224 2249 277 2283; x_wconf 93' lang='lat' dir='ltr'>se</span> <span class='ocrx_word' id='word_1_189' title='bbox 309 2231 436 2280; x_wconf 95' lang='lat' dir='ltr'>ludo</span> <span class='ocrx_word' id='word_1_190' title='bbox 458 2229 751 2293; x_wconf 85' lang='lat' dir='ltr'>Anglorum</span> <span class='ocrx_word' id='word_1_191' title='bbox 772 2225 1116 2292; x_wconf 89' lang='lat' dir='ltr'>prosperitati</span> <span class='ocrx_word' id='word_1_192' title='bbox 1136 2225 1338 2290; x_wconf 91' lang='lat' dir='ltr'>optime</span> <span class='ocrx_word' id='word_1_193' title='bbox 1359 2224 1572 2288; x_wconf 89' lang='lat' dir='ltr'>utrique</span> <span class='ocrx_word' id='word_1_194' title='bbox 1601 2223 1921 2282; x_wconf 87' lang='lat' dir='ltr'>serviebant,</span> 
     </span>
     <span class='ocr_line' id='line_1_26' title="bbox 224 2305 1924 2371; baseline -0.005 -7"><span class='ocrx_word' id='word_1_195' title='bbox 224 2321 286 2365; x_wconf 91' lang='lat' dir='ltr'>ut</span> <span class='ocrx_word' id='word_1_196' title='bbox 306 2329 415 2362; x_wconf 91' lang='lat' dir='ltr'>non</span> <span class='ocrx_word' id='word_1_197' title='bbox 435 2313 508 2361; x_wconf 91' lang='lat' dir='ltr'>eis</span> <span class='ocrx_word' id='word_1_198' title='bbox 530 2310 739 2360; x_wconf 88' lang='lat' dir='ltr'>difficile</span> <span class='ocrx_word' id='word_1_199' title='bbox 761 2310 897 2358; x_wconf 81' lang='lat' dir='ltr'>foret</span> <span class='ocrx_word' id='word_1_200' title='bbox 919 2308 1167 2357; x_wconf 88' lang='lat' dir='ltr'>civitates</span> <span class='ocrx_word' id='word_1_201' title='bbox 1188 2312 1241 2357; x_wconf 90' lang='lat' dir='ltr'>et</span> <span class='ocrx_word' id='word_1_202' title='bbox 1263 2306 1423 2371; x_wconf 90' lang='lat' dir='ltr'>opida</span> <span class='ocrx_word' id='word_1_203' title='bbox 1443 2305 1786 2364; x_wconf 88' lang='lat' dir='ltr'>Normannie,</span> <span class='ocrx_word' id='word_1_204' title='bbox 1809 2306 1924 2355; x_wconf 93' lang='lat' dir='ltr'>nul-</span> 
     </span>
    </p>
   </div>
   <div class='ocr_carea' id='block_1_4' title="bbox 229 2470 1927 2652">
    <p class='ocr_par' dir='ltr' id='par_1_5' title="bbox 229 2470 1927 2652">
     <span class='ocr_line' id='line_1_27' title="bbox 289 2470 1927 2531; baseline -0.005 -10"><span class='ocrx_word' id='word_1_205' title='bbox 289 2495 328 2521; x_wconf 85' lang='lat' dir='ltr'>a.</span> <span class='ocrx_word' id='word_1_206' title='bbox 353 2470 673 2520; x_wconf 43' lang='lat' dir='ltr'>deuorandum</span> <span class='ocrx_word' id='word_1_207' title='bbox 693 2479 920 2531; x_wconf 91' lang='lat' dir='ltr'>populum</span> <span class='ocrx_word' id='word_1_208' title='bbox 941 2478 994 2517; x_wconf 87' lang='lat' dir='ltr'>P.</span> <span class='ocrx_word' id='word_1_209' title='bbox 1015 2499 1075 2504; x_wconf 91' lang='lat'>——</span> <span class='ocrx_word' id='word_1_210' title='bbox 1099 2477 1135 2516; x_wconf 86' lang='lat' dir='ltr'>b.</span> <span class='ocrx_word' id='word_1_211' title='bbox 1160 2475 1361 2526; x_wconf 87' lang='lat' dir='ltr'>Anglicis</span> <span class='ocrx_word' id='word_1_212' title='bbox 1384 2475 1436 2514; x_wconf 92' lang='lat' dir='ltr'>P.</span> <span class='ocrx_word' id='word_1_213' title='bbox 1459 2497 1517 2502; x_wconf 91' lang='lat'>—</span> <span class='ocrx_word' id='word_1_214' title='bbox 1537 2487 1571 2514; x_wconf 84' lang='lat' dir='ltr'>c.</span> <span class='ocrx_word' id='word_1_215' title='bbox 1595 2474 1745 2526; x_wconf 91' lang='lat' dir='ltr'>ipsam</span> <span class='ocrx_word' id='word_1_216' title='bbox 1765 2473 1927 2513; x_wconf 86' lang='lat' dir='ltr'>civita-</span> 
     </span>
     <span class='ocr_line' id='line_1_28' title="bbox 229 2534 1926 2591; baseline -0.004 -11"><span class='ocrx_word' id='word_1_217' title='bbox 229 2544 326 2580; x_wconf 91' lang='lat' dir='ltr'>tem</span> <span class='ocrx_word' id='word_1_218' title='bbox 346 2552 555 2591; x_wconf 87' lang='lat' dir='ltr'>recepere</span> <span class='ocrx_word' id='word_1_219' title='bbox 577 2540 630 2579; x_wconf 92' lang='lat' dir='ltr'>P.</span> <span class='ocrx_word' id='word_1_220' title='bbox 652 2561 712 2567; x_wconf 86' lang='lat'>—-</span> <span class='ocrx_word' id='word_1_221' title='bbox 732 2539 772 2578; x_wconf 85' lang='lat' dir='ltr'>d.</span> <span class='ocrx_word' id='word_1_222' title='bbox 797 2542 910 2576; x_wconf 90' lang='lat' dir='ltr'>tunc</span> <span class='ocrx_word' id='word_1_223' title='bbox 932 2538 985 2577; x_wconf 92' lang='lat' dir='ltr'>P.</span> <span class='ocrx_word' id='word_1_224' title='bbox 1007 2558 1066 2564; x_wconf 89' lang='lat'>—</span> <span class='ocrx_word' id='word_1_225' title='bbox 1086 2549 1120 2575; x_wconf 81' lang='lat' dir='ltr'>e.</span> <span class='ocrx_word' id='word_1_226' title='bbox 1145 2536 1345 2588; x_wconf 78' lang='lat' dir='ltr'>Manque</span> <span class='ocrx_word' id='word_1_227' title='bbox 1367 2547 1420 2574; x_wconf 79' lang='lat' dir='ltr'>en</span> <span class='ocrx_word' id='word_1_228' title='bbox 1443 2535 1495 2574; x_wconf 93' lang='lat' dir='ltr'>P.</span> <span class='ocrx_word' id='word_1_229' title='bbox 1518 2535 1628 2581; x_wconf 75' lang='lat' dir='ltr'><em>—-j.</em></span> <span class='ocrx_word' id='word_1_230' title='bbox 1651 2534 1852 2586; x_wconf 80' lang='lat' dir='ltr'>Manque</span> <span class='ocrx_word' id='word_1_231' title='bbox 1873 2546 1926 2573; x_wconf 83' lang='lat' dir='ltr'>en</span> 
     </span>
     <span class='ocr_line' id='line_1_29' title="bbox 232 2596 1128 2652; baseline -0.006 -12"><span class='ocrx_word' id='word_1_232' title='bbox 232 2602 283 2640; x_wconf 91' lang='lat' dir='ltr'>P.</span> <span class='ocrx_word' id='word_1_233' title='bbox 304 2623 363 2628; x_wconf 92' lang='grc'>--</span> <span class='ocrx_word' id='word_1_234' title='bbox 384 2613 422 2652; x_wconf 82' lang='lat' dir='ltr'>g.</span> <span class='ocrx_word' id='word_1_235' title='bbox 445 2611 555 2639; x_wconf 89' lang='lat' dir='ltr'>vero</span> <span class='ocrx_word' id='word_1_236' title='bbox 575 2600 627 2638; x_wconf 90' lang='lat' dir='ltr'>P.</span> <span class='ocrx_word' id='word_1_237' title='bbox 649 2621 707 2626; x_wconf 89' lang='lat'>——</span> <span class='ocrx_word' id='word_1_238' title='bbox 726 2599 766 2637; x_wconf 82' lang='lat' dir='ltr'>h.</span> <span class='ocrx_word' id='word_1_239' title='bbox 789 2598 1055 2637; x_wconf 87' lang='lat' dir='ltr'>insisterent</span> <span class='ocrx_word' id='word_1_240' title='bbox 1075 2596 1128 2635; x_wconf 91' lang='lat' dir='ltr'>P.</span> 
     </span>
    </p>
   </div>
   <div class='ocr_carea' id='block_1_5' title="bbox 232 2741 1929 2917">
    <p class='ocr_par' dir='ltr' id='par_1_6' title="bbox 232 2741 1929 2917">
     <span class='ocr_line' id='line_1_30' title="bbox 297 2741 1925 2796; baseline -0.004 -10"><span class='ocrx_word' id='word_1_241' title='bbox 297 2760 331 2787; x_wconf 94' lang='lat'>1.</span> <span class='ocrx_word' id='word_1_242' title='bbox 376 2748 527 2787; x_wconf 89' lang='lat' dir='ltr'>Pierre</span> <span class='ocrx_word' id='word_1_243' title='bbox 568 2746 753 2786; x_wconf 88' lang='lat' dir='ltr'>Cochon</span> <span class='ocrx_word' id='word_1_244' title='bbox 798 2745 978 2796; x_wconf 77' lang='lat' dir='ltr'>(Chron.</span> <span class='ocrx_word' id='word_1_245' title='bbox 1020 2743 1275 2787; x_wconf 71' lang='lat' dir='ltr'>normande,</span> <span class='ocrx_word' id='word_1_246' title='bbox 1320 2742 1390 2781; x_wconf 79' lang='lat' dir='ltr'>ed.</span> <span class='ocrx_word' id='word_1_247' title='bbox 1433 2742 1753 2793; x_wconf 83' lang='lat' dir='ltr'>Beaurepaire,</span> <span class='ocrx_word' id='word_1_248' title='bbox 1802 2741 1925 2792; x_wconf 88' lang='lat'>1870,</span> 
     </span>
     <span class='ocr_line' id='line_1_31' title="bbox 232 2802 1929 2860; baseline -0.005 -13"><span class='ocrx_word' id='word_1_249' title='bbox 232 2820 276 2860; x_wconf 91' lang='lat' dir='ltr'>p.</span> <span class='ocrx_word' id='word_1_250' title='bbox 304 2808 403 2858; x_wconf 83' lang='lat'><em>277)</em></span> <span class='ocrx_word' id='word_1_251' title='bbox 431 2808 582 2846; x_wconf 92' lang='lat' dir='ltr'>donne</span> <span class='ocrx_word' id='word_1_252' title='bbox 605 2807 645 2845; x_wconf 93' lang='lat' dir='ltr'>le</span> <span class='ocrx_word' id='word_1_253' title='bbox 669 2806 817 2844; x_wconf 75' lang='lat' dir='ltr'>meme</span> <span class='ocrx_word' id='word_1_254' title='bbox 839 2816 922 2844; x_wconf 91' lang='lat' dir='ltr'>son</span> <span class='ocrx_word' id='word_1_255' title='bbox 945 2804 1001 2842; x_wconf 92' lang='lat' dir='ltr'>de</span> <span class='ocrx_word' id='word_1_256' title='bbox 1023 2803 1193 2842; x_wconf 89' lang='lat' dir='ltr'>cloche.</span> <span class='ocrx_word' id='word_1_257' title='bbox 1219 2802 1291 2841; x_wconf 92' lang='lat' dir='ltr'>On</span> <span class='ocrx_word' id='word_1_258' title='bbox 1312 2805 1427 2854; x_wconf 88' lang='lat' dir='ltr'>peut</span> <span class='ocrx_word' id='word_1_259' title='bbox 1447 2802 1657 2853; x_wconf 88' lang='lat' dir='ltr'>rappeler</span> <span class='ocrx_word' id='word_1_260' title='bbox 1679 2802 1719 2840; x_wconf 93' lang='lat' dir='ltr'>le</span> <span class='ocrx_word' id='word_1_261' title='bbox 1741 2812 1929 2841; x_wconf 91' lang='lat' dir='ltr'>surnom</span> 
     </span>
     <span class='ocr_line' id='line_1_32' title="bbox 233 2860 1926 2917; baseline -0.005 -11"><span class='ocrx_word' id='word_1_262' title='bbox 233 2869 289 2906; x_wconf 92' lang='lat' dir='ltr'>de</span> <span class='ocrx_word' id='word_1_263' title='bbox 310 2884 325 2902; x_wconf 88' lang='lat'>«</span> <span class='ocrx_word' id='word_1_264' title='bbox 344 2866 479 2906; x_wconf 81' lang='lat' dir='ltr'>eones</span> <span class='ocrx_word' id='word_1_265' title='bbox 499 2882 514 2901; x_wconf 86' lang='lat'>»</span> <span class='ocrx_word' id='word_1_266' title='bbox 533 2878 622 2917; x_wconf 91' lang='lat' dir='ltr'>que</span> <span class='ocrx_word' id='word_1_267' title='bbox 641 2866 704 2904; x_wconf 94' lang='lat' dir='ltr'>les</span> <span class='ocrx_word' id='word_1_268' title='bbox 724 2864 941 2917; x_wconf 70' lang='lat' dir='ltr'>Francais</span> <span class='ocrx_word' id='word_1_269' title='bbox 960 2863 1214 2902; x_wconf 89' lang='lat' dir='ltr'>donnaient</span> <span class='ocrx_word' id='word_1_270' title='bbox 1232 2874 1324 2901; x_wconf 85' lang='lat' dir='ltr'>aux</span> <span class='ocrx_word' id='word_1_271' title='bbox 1343 2861 1531 2911; x_wconf 86' lang='lat' dir='ltr'>Anglais</span> <span class='ocrx_word' id='word_1_272' title='bbox 1550 2860 1576 2899; x_wconf 74' lang='lat' dir='ltr'>a</span> <span class='ocrx_word' id='word_1_273' title='bbox 1595 2864 1717 2900; x_wconf 90' lang='lat' dir='ltr'>cette</span> <span class='ocrx_word' id='word_1_274' title='bbox 1735 2861 1926 2912; x_wconf 77' lang='lat' dir='ltr'>epoque.</span> 
     </span>
    </p>
   </div>
   <div class='ocr_carea' id='block_1_6' title="bbox 296 2927 1928 2985">
    <p class='ocr_par' dir='ltr' id='par_1_7' title="bbox 296 2927 1928 2985">
     <span class='ocr_line' id='line_1_33' title="bbox 296 2927 1928 2985; baseline -0.004 -12"><span class='ocrx_word' id='word_1_275' title='bbox 296 2946 334 2973; x_wconf 81' lang='lat'>2.</span> <span class='ocrx_word' id='word_1_276' title='bbox 357 2934 473 2985; x_wconf 89' lang='lat' dir='ltr'>Jean</span> <span class='ocrx_word' id='word_1_277' title='bbox 493 2933 763 2984; x_wconf 87' lang='lat' dir='ltr'>d&#39;Angenne</span> <span class='ocrx_word' id='word_1_278' title='bbox 785 2930 1085 2982; x_wconf 87' lang='lat' dir='ltr'>&lt;Monstrelet,</span> <span class='ocrx_word' id='word_1_279' title='bbox 1107 2929 1177 2968; x_wconf 80' lang='lat' dir='ltr'>ed.</span> <span class='ocrx_word' id='word_1_280' title='bbox 1199 2929 1355 2968; x_wconf 73' lang='lat' dir='ltr'>Douet</span> <span class='ocrx_word' id='word_1_281' title='bbox 1372 2927 1557 2979; x_wconf 87' lang='lat' dir='ltr'>d&#39;Arcq‚</span> <span class='ocrx_word' id='word_1_282' title='bbox 1578 2932 1612 2967; x_wconf 86' lang='lat' dir='ltr'>t.</span> <span class='ocrx_word' id='word_1_283' title='bbox 1634 2927 1722 2973; x_wconf 91' lang='grc' dir='ltr'>ΙΙΙ,</span> <span class='ocrx_word' id='word_1_284' title='bbox 1743 2940 1787 2980; x_wconf 94' lang='lat' dir='ltr'>p.</span> <span class='ocrx_word' id='word_1_285' title='bbox 1813 2927 1928 2979; x_wconf 88' lang='lat'>188).</span> 
     </span>
    </p>
   </div>
  </div>
 </body>
</html>
