2071 3302
169 205 259 248 118
326 216 400 247 DE
433 214 836 247 AURELIANENSI
872 213 1118 245 CIVITATE
1151 212 1221 244 AB
1256 212 1449 243 ANGLIS
1485 211 1712 244 OBSESSA

169 333 332 394 atque
360 328 478 393 ripa
506 328 560 377 in
590 344 698 393 qua
737 331 818 376 est
855 326 1046 376 civitas
1083 325 1187 375 sita
1227 329 1403 374 castra
1443 324 1619 390 posita
1658 328 1867 373 essenta

168 415 223 460 et
252 410 358 459 illic
388 410 564 475 plures
593 409 850 468 bastiliaS‚
883 410 1054 457 instar
1083 406 1422 456 castellorum
1453 405 1740 464 structasl,
1766 405 1870 470 ipsi

168 492 327 557 Angli
361 491 570 541 valideb
614 490 983 548 munivissent‚
1024 489 1165 538 cives
1200 504 1328 538 vero
1376 488 1441 537 de
1477 492 1626 537 trans
1669 487 1869 536 flumen

169 574 450 639 quociens⁶
489 573 688 623 vellent
727 572 906 637 copias
945 571 1273 620 Francorum
1311 570 1545 619 militum
1594 569 1734 618 infra
1783 584 1868 618 ur-

169 656 293 705 bem
319 671 471 705 suam
497 654 790 719 reciperent
816 658 871 703 et
898 668 1168 702 annonam
1195 651 1487 716 largissime
1523 667 1617 716 per
1645 654 1867 716 pontem

169 737 585 795 introducerent,
614 735 893 785 consilium
917 734 1152 799 Anglicis
1177 734 1280 783 fuit
1307 733 1518 798 copiam
1542 731 1870 798 ingrediendi

170 817 614 884 egrediendiqued
639 833 733 883 per
757 820 978 882 pontem
1003 816 1210 866 civibus
1235 820 1398 881 atque
1421 814 1653 873 FranciS,
1682 813 1725 864 si
1749 829 1869 879 pos·

171 904 305 960 sent,
329 899 679 949 intercludere
695 900 729 949 2.

238 982 482 1047 Aggressi
526 982 739 1047 itaque⁶
784 980 991 1046 magnis
1029 980 1232 1030 viribus
1276 980 1518 1029 turremf
1564 993 1868 1043 expugnare

171 1064 601 1122 munitissimam,
638 1080 742 1129 que
776 1079 842 1112 ex
877 1062 982 1112 alia
1014 1063 1131 1127 ripa
1168 1061 1401 1111 fluminis
1436 1064 1657 1125 pontem
1690 1059 1866 1108 munit

172 1162 235 1195 ac
260 1150 443 1195 tuetur
457 1146 493 1204 3,
522 1146 694 1210 ipsam
720 1145 775 1194 vi
801 1149 855 1193 et
882 1144 1057 1203 armiS,
1087 1144 1217 1193 cesis
1243 1142 1514 1208 pulsisque
1539 1141 1867 1199 custodibuS,

172 1231 537 1293 expugnatam
566 1227 621 1276 in
650 1243 803 1277 suam
831 1226 1147 1291 redegerunt
1177 1229 1504 1290 potestatem
1544 1228 1598 1273 et
1638 1223 1872 1272 militum

173 1326 391 1360 suorum
420 1325 616 1375 magna
645 1309 750 1358 illic
781 1307 1011 1374 presidia
1040 1308 1367 1357 locaverunt.
1403 1307 1520 1372 Quo
1553 1306 1714 1364 factO,
1748 1320 1870 1354 cum

172 1392 285 1457 jam
314 1407 411 1441 nec
441 1407 507 1440 ex
537 1407 645 1440 una
673 1407 770 1440 nec
801 1391 970 1440 altera
1002 1389 1236 1439 fluminis
1272 1389 1515 1454 partibus
1546 1403 1760 1437 annona
1788 1387 1874 1436 vel

173 1474 283 1524 ulla
322 1473 540 1523 vivendi
582 1473 777 1523 solacia
817 1471 1023 1522 civibus
1063 1471 1421 1536 provenirent,
1465 1471 1595 1519 urbe
1636 1468 1872 1533 undique

175 1556 335 1606 armis
374 1560 427 1605 et
468 1555 655 1605 castris
694 1554 977 1604 hostilibus
1017 1553 1435 1611 circumvallata,
1479 1551 1707 1601 coartati
1747 1555 1872 1600 sunt

175 1654 282 1687 non
308 1637 480 1687 multo
506 1641 629 1703 post
656 1637 797 1686 cives
823 1642 877 1686 et
904 1635 997 1702 qui
1022 1635 1127 1684 illic
1160 1635 1214 1684 in
1247 1634 1475 1700 presidio
1510 1633 1874 1683 consistebant

175 1720 371 1769 milites
398 1719 692 1769 multarum
719 1735 897 1768 rerum
926 1717 1342 1767 necessariarum
1370 1715 1591 1782 penuria
1626 1720 1680 1764 et
1720 1714 1875 1764 caris-

177 1802 269 1852 tia.
300 1802 422 1851 Non
451 1807 632 1851 tamen
661 1803 870 1850 animus
897 1802 1140 1865 viresque
1168 1799 1241 1848 eis
1269 1799 1482 1848 defuere
1509 1797 1640 1864 quin
1668 1812 1722 1846 se
1749 1795 1872 1845 viri-

176 1884 334 1933 literg
371 1884 438 1933 ab
473 1882 718 1932 hostibus
765 1886 1057 1941 tuerentur,
1104 1896 1298 1946 eosque
1342 1879 1611 1946 quomodo
1657 1882 1873 1944 possent

178 1965 386 2015 assidue
422 1981 554 2031 pene
591 1965 866 2014 studerent
902 1964 1229 2029 impugnare.
1269 1962 1425 2013 Unde
1461 1977 1599 2020 cum,
1638 1960 1874 2026 quodam

179 2047 278 2106 die,
316 2063 475 2112 quem
509 2046 836 2112 prediximus
870 2062 1046 2095 comes
1080 2044 1468 2095 Salisberiensis
1514 2058 1690 2094 arcem
1730 2042 1878 2091 illam

178 2129 233 2178 in
267 2130 433 2178 altero
481 2130 584 2178 fine
629 2128 809 2193 pontis
857 2128 1165 2177 intravisset
1209 2127 1567 2190 lustraretque
1584 2125 1627 2184 ἡ,
1675 2123 1876 2189 prospi-

180 2210 321 2261 ciens
345 2211 614 2276 quomodo
638 2226 731 2275 per
755 2226 874 2259 eam
897 2209 1109 2259 civitati
1134 2208 1458 2258 detrimenta
1480 2206 1714 2264 inferret,
1739 2209 1878 2254 nutu

181 2293 359 2343 divine
381 2292 720 2358 providencie
742 2292 870 2357 ques
894 2292 1081 2341 urbem
1103 2290 1276 2356 ipsam
1297 2290 1352 2339 in
1377 2291 1615 2339 host1um
1643 2291 1878 2353 potesta-

181 2378 292 2424 tem
311 2375 476 2439 redigi
497 2374 816 2440 prohiberet‚
840 2390 906 2423 ex
925 2373 1170 2422 menibus
1190 2372 1429 2421 civitatis
1449 2371 1624 2436 jactus
1645 2370 1709 2419 de
1729 2370 1877 2419 bom-

247 2548 289 2574 a.
316 2535 517 2587 Manque
542 2547 595 2573 en
617 2535 670 2573 P.
692 2556 750 2561 —
770 2533 806 2572 b.
829 2533 966 2573 valde
986 2534 1040 2573 P.
1058 2555 1118 2560 —
1139 2544 1173 2571 ε.
1197 2531 1379 2583 quoties
1403 2531 1455 2570 P.
1475 2553 1534 2558 —
1552 2530 1592 2570 d.
1610 2531 1878 2582 ,egrediendi

182 2594 560 2646 ingrediendique
583 2594 636 2633 P.
658 2616 718 2621 —
737 2606 772 2632 e.
797 2592 937 2644 igitur
959 2593 1013 2632 P.
1043 2614 1103 2620 —
1126 2593 1156 2639 s.
1180 2591 1347 2630 turrim
1375 2591 1428 2630 P.
1448 2613 1508 2619 —
1532 2603 1571 2641 g.
1599 2591 1656 2629 M
1658 2603 1800 2644 anque
1826 2603 1880 2631 en

185 2655 238 2694 P.
258 2676 317 2682 -—
334 2653 375 2693 h.
405 2653 603 2693 intraret
628 2652 796 2705 corrige'
819 2665 873 2692 en
900 2653 1121 2692 lustraret
1145 2652 1258 2690 dans
1284 2651 1327 2690 Za
1355 2663 1516 2702 marga,
1546 2651 1595 2690 de
1619 2651 1662 2690 la
1681 2650 1807 2690 main
1830 2651 1880 2690 de

183 2713 386 2758 l’auteur‚
408 2725 461 2753 en
488 2713 538 2753 G.
558 2735 618 2740 —
636 2712 667 2751 i.
688 2724 769 2765 per
789 2712 842 2752 P.

250 2865 284 2894 1.
311 2855 397 2894 Sur
418 2855 464 2894 la
485 2854 582 2894 rive
604 2855 780 2906 gauche
803 2854 860 2893 de
881 2853 927 2892 la
948 2853 1094 2898 Loire,
1119 2853 1182 2891 les
1205 2852 1438 2892 Tourelles
1460 2855 1508 2891 et
1529 2852 1574 2891 la
1596 2851 1779 2891 bastille
1801 2852 1881 2891 des

185 2914 453 2966 Augustins,
485 2926 562 2954 sur
589 2913 635 2953 la
661 2913 758 2953 rive
786 2912 936 2953 droite
963 2913 1008 2952 la
1035 2912 1218 2952 bastille
1247 2911 1606 2952 Saint-Laurent
1633 2914 1680 2951 et
1707 2911 1751 2951 la
1779 2911 1883 2950 bas-
