2071 3302
167 229 259 260 202
450 227 524 258 DE
559 226 805 258 DIVERSIS
840 226 899 258 IN
935 224 1261 257 NORMANNIA
1295 224 1588 258 STRAGIBUS

167 348 286 391 tum
317 342 492 391 adhuc
522 341 576 390 in
606 340 856 391 humanis
887 341 1097 405 agebat,
1131 339 1358 404 querelis
1388 339 1628 389 omnium
1658 339 1871 404 provin-

166 424 381 473 cialium
426 423 583 473 simul
627 415 681 472 et
727 422 858 472 facti
903 422 1216 471 attrocitate
1261 426 1553 486 permotus,
1600 420 1872 486 prefatum

174 505 421 555 Venables
468 521 590 554 cum
645 504 748 553 alio
795 503 1032 569 quodam
1078 503 1354 553 sevissimo
1399 502 1630 561 homine,
1680 518 1871 567 cogno-

167 593 351 637 mento
392 586 681 636 Vuaterhou
696 585 731 644 1,
770 585 889 650 capi
923 590 977 634 et
1013 585 1083 634 ad
1117 602 1171 635 se
1217 585 1619 649 Rothomagum
1661 583 1873 634 vinctos

169 669 364 718 adduci
387 668 561 733 jussit,
588 667 681 717 ubi
705 683 794 716 eos
829 683 925 731 pro
949 683 1045 716 suo
1069 666 1440 716 cruentissimo
1465 666 1655 716 scelere
1687 666 1873 730 damp-

168 754 326 799 natos
349 765 443 814 per
473 749 680 813 plateas
704 747 942 796 civitatis
966 747 1036 796 ad
1059 747 1258 796 caudas
1281 762 1542 811 equorum
1575 751 1875 811 pertractos

169 830 429 896 supplicio
459 829 637 879 affecit
654 829 689 879 2.
723 829 825 879 Sed
853 845 961 878 non
991 833 1275 894 propterea
1303 827 1712 893 provincialium
1740 827 1874 876 Nor—

169 912 383 961 mannie
411 911 602 961 animis
628 911 877 961 satisfieri
903 911 1166 960 creditum
1192 915 1273 960 est
1299 926 1395 975 pro
1429 909 1636 959 sceleris
1671 909 1874 974 magni-

170 994 373 1052 tudine,
411 1010 508 1043 nec
544 998 827 1059 propterea
863 993 1032 1042 eciam
1075 997 1349 1042 cessarunt
1394 991 1545 1056 impii
1579 991 1875 1056 Anglorum

170 1077 430 1141 predones
483 1080 646 1140 atque
688 1074 1060 1124 immanissimi
1109 1074 1384 1123 carnifices
1425 1074 1480 1121 in
1521 1073 1664 1138 ipsos
1706 1073 1874 1122 sevire

170 1163 240 1216 et,
274 1162 335 1206 ut
366 1157 436 1206 ad
464 1156 809 1206 manifestam
838 1172 1008 1220 usque
1037 1156 1378 1205 rebellionem
1409 1161 1572 1220 atque
1604 1154 1875 1204 discessio-

170 1255 293 1288 nem
319 1255 408 1288 eos
433 1243 830 1304 perurgerent“‚
859 1237 1133 1287 stimulare
1160 1242 1213 1286 et
1240 1237 1523 1295 concitare,
1551 1252 1720 1285 novas
1746 1236 1874 1285 coti-

172 1319 289 1369 dieb
339 1320 562 1384 injurias
602 1319 898 1384 prioribus⁰
940 1319 1291 1368 cumulantes,
1331 1318 1677 1367 Estimabant
1715 1317 1873 1375 enim,

172 1402 215 1452 si
236 1402 305 1451 ad
326 1404 605 1466 apertamd
625 1416 793 1467 usque
812 1400 1154 1450 rebellionem
1172 1400 1491 1465 prosilirent,
1518 1404 1637 1448 tum
1658 1405 1874 1448 nactam

172 1481 272 1530 sibi
314 1481 637 1547 legittimam
681 1481 1013 1532 occasionem
1057 1481 1111 1530 in
1160 1498 1265 1540 θος,
1313 1486 1576 1546 tanquam
1620 1497 1736 1530 reos
1771 1480 1877 1529 lese

172 1563 474 1628 majestatis
507 1568 560 1612 et
594 1563 985 1628 perduellioniS‚
1022 1579 1356 1628 quecumque
1390 1578 1517 1613 seva
1554 1568 1678 1612 aute
1711 1561 1877 1611 hosti-

171 1645 244 1694 lia
267 1645 490 1709 cogitari
514 1651 731 1710 possent
756 1646 1008 1710 perficere
1034 1650 1196 1709 atque
1221 1645 1438 1709 impune
1464 1660 1719 1694 exercere.

759 1869 1174 1919 CAPITULUM
1215 1869 1300 1917 III

178 2003 578 2052 REBELLIONES
630 2017 700 2051 ET
749 2017 935 2052 TURBE
987 2016 1353 2052 POPULARIUM
1406 2016 1765 2052 RUSTICORUM
1817 2016 1877 2051 IN

241 2085 555 2134 BAIOCISMO
601 2098 671 2133 ET
718 2099 777 2133 IN
824 2085 979 2133 VALE
1026 2085 1194 2133 VIRIE
1241 2096 1534 2134 ADVERSUS
1580 2086 1809 2133 ANGLos

245 2218 400 2268 Unde
437 2218 490 2266 in
528 2223 745 2267 tantum
783 2218 1149 2268 occasionibus
1185 2218 1556 2282 hujuscemodi
1603 2234 1696 2287 per
1739 2217 1878 2282 rapi-

175 2315 272 2349 nas
303 2305 357 2348 et
390 2315 603 2348 omnem
634 2299 951 2364 injuriarum
983 2299 1212 2364 speciem
1252 2299 1511 2364 populum
1554 2299 1876 2357 afflixerunt,

176 2386 236 2429 ut
268 2380 322 2428 in
354 2385 472 2430 toto
500 2381 816 2440 Baiocismo‚
851 2381 1160 2431 auctoribus
1189 2380 1458 2430 nonnullis
1487 2380 1755 2430 nobilibus
1786 2396 1878 2445 pa-

177 2462 276 2510 trie
292 2462 325 2520 3,
368 2462 553 2526 po‘puli
593 2479 839 2528 agrorum
879 2468 932 2511 et
972 2463 1222 2511 villarum
1273 2463 1341 2511 ad
1388 2478 1510 2512 suas
1550 2462 1879 2511 ulciscendas

243 2637 282 2662 α.
313 2627 529 2675 urgerent
555 2625 608 2662 P.
636 2647 695 2650 —
731 2624 768 2663 b.
797 2635 982 2674 quoque
1009 2624 1062 2662 P.
1090 2645 1149 2650 —-
1182 2635 1216 2661 c.
1245 2622 1475 2673 prioribus
1509 2621 1701 2673 injurias
1737 2622 1791 2660 P.
1820 2643 1880 2648 ——

178 2684 218 2722 d.
249 2684 331 2722 Ces
363 2684 469 2722 trois
501 2687 610 2722 mols
641 2684 753 2722 dans
781 2683 823 2722 la
852 2695 1014 2734 marge,
1043 2683 1092 2722 de
1119 2683 1163 2721 la
1192 2682 1315 2720 main
1352 2683 1401 2721 de
1435 2682 1638 2726 l'auteur,
1663 2694 1714 2721 ενι
1749 2681 1799 2720 G.
1820 2703 1880 2708 -—

177 2756 212 2782 e.
236 2755 290 2782 ac
310 2744 363 2782 P.

243 2886 280 2914 1.
310 2875 380 2913 En
414 2876 602 2914 octobre
634 2886 757 2925 1434,
787 2887 836 2914 ce
868 2874 1121 2913 Waterhoo
1154 2874 1284 2913 avait
1316 2873 1507 2912 commis
1541 2873 1597 2912 de
1629 2871 1878 2911 veritables

182 2945 432 2974 massacres
455 2935 570 2974 dans
594 2935 638 2973 la
660 2934 816 2985 region
839 2935 896 2973 de
916 2932 1500 2973 Saint-Pierre-sur-Dives.
1519 2932 1557 2970 11
1576 2932 1650 2971 fut
1667 2930 1879 2983 decapite

183 2994 247 3044 <et
266 3006 356 3033 non
374 2994 544 3046 pendu)
567 2993 594 3032 a
613 2994 803 3039 Falaise‚
824 2993 1006 3045 d’apres
1023 2993 1064 3032 le
1083 2993 1321 3032 Normand
1341 2992 1493 3032 Pierre
1510 2991 1741 3037 Choisnet‚
1761 2991 1879 3030 dans
