2071 3302
172 265 265 317 298
598 274 672 305 DE
706 273 942 305 ANGLIAE
979 273 1182 305 REGINA
1217 273 1452 305 MISERns

171 388 445 438 felicitatis
472 388 697 437 dulcedo
723 403 962 452 respersa
987 387 1073 446 sit,
1103 392 1165 436 ut
1191 387 1247 435 in
1272 387 1457 436 multis
1483 393 1538 436 et
1564 403 1698 452 pene
1724 387 1878 436 innu-

170 466 329 516 meris
366 465 656 516 illustrium
693 481 1042 530 personarum
1081 464 1406 515 calamitosis
1445 481 1508 514 ac
1545 464 1879 529 erumpnosis

171 545 397 604 casibUS‚
429 544 503 594 sic
531 544 586 592 in
613 545 715 592 hac
742 543 924 608 regina
952 543 1254 607 Margareta
1282 547 1337 592 et
1365 543 1481 607 ejus
1507 542 1704 592 marito
1733 543 1877 592 Hen-

170 622 279 672 rico
317 621 735 672 luculentissime
774 620 985 670 enituit.
1029 620 1143 685 Que
1182 626 1339 670 tanto
1378 621 1632 686 copulata
1669 625 1723 670 et
1762 624 1878 669 tam

170 700 383 766 potenti
422 700 634 758 marito,
680 699 849 748 tantis
890 715 1013 748 cum
1053 700 1253 748 honore
1295 704 1348 748 et
1391 699 1558 764 gloria
1599 698 1878 763 tociusque

169 778 317 843 regni
361 778 624 843 applausu
669 777 724 825 in
767 777 998 841 reginale
1043 777 1334 826 sublimata
1385 777 1662 842 fastigium
1705 781 1760 826 et
1795 789 1879 825 ‘ex

170 856 359 905 eodem
388 855 504 904 viro
549 855 719 904 filium
748 855 907 904 enixa
936 855 990 903 in
1021 871 1128 919 quo
1159 859 1279 904 tota
1315 855 1504 919 regalis
1534 853 1879 904 successionis

171 939 225 983 et
268 933 674 998 propagacionis
706 933 910 998 generis
941 933 1177 997 reposita
1208 949 1328 998 spes
1360 938 1474 982 erat
1490 933 1525 992 1,
1560 933 1699 982 vidit
1739 931 1879 980 infra

170 1027 371 1076 paucos
400 1017 523 1076 post
555 1028 723 1061 annos
754 1012 1002 1061 decursos
1039 1028 1093 1061 se
1124 1017 1177 1060 et
1219 1011 1476 1060 maritum
1505 1009 1880 1061 miserabiliter

170 1106 332 1155 regno
361 1090 542 1154 pulsos
571 1095 625 1139 et
655 1090 710 1138 in
740 1090 959 1139 exilium
988 1094 1196 1147 trusos;
1228 1095 1298 1147 et,
1331 1094 1622 1154 postquam
1650 1089 1756 1137 ilh'c
1785 1087 1879 1136 diu

171 1167 542 1217 extabuissent
577 1172 631 1216 et
658 1167 885 1217 maritus
922 1167 1080 1232 longo
1108 1183 1314 1216 carcere
1341 1172 1644 1216 maceratus
1671 1166 1876 1224 fuisset,

171 1246 385 1295 fortune
419 1245 761 1295 blandentisa
797 1245 1059 1294 ludibriob
1095 1245 1150 1293 in
1183 1261 1406 1310 regnum
1440 1245 1510 1294 ad
1542 1249 1879 1294 momentum

170 1324 483 1382 restitutos;
517 1324 610 1373 sed
640 1324 802 1388 paulo
834 1329 973 1388 post,
1008 1328 1062 1372 et
1094 1323 1282 1372 eodem
1313 1339 1447 1388 pene
1478 1328 1770 1381 momento,
1804 1337 1875 1380 se,

171 1402 428 1451 maritum
459 1407 512 1451 et
548 1402 718 1451 filium
747 1402 860 1466 jam
891 1402 1162 1466 puberem,
1198 1418 1321 1451 cum
1351 1402 1406 1450 in
1437 1402 1605 1452 solido
1640 1402 1878 1451 firmasse

171 1480 429 1544 vestigia0
477 1496 530 1530 se
578 1480 869 1538 crederent,
920 1480 974 1528 in
1022 1485 1320 1528 extremam
1366 1480 1562 1529 iterum
1607 1479 1877 1529 miseriam

169 1558 458 1608 revolutos.
491 1558 641 1607 Vidit
674 1558 844 1607 filium
873 1574 996 1607 cum
1025 1574 1220 1622 magno
1251 1559 1489 1607 exercitu
1517 1558 1572 1606 in
1601 1559 1740 1607 bello
1769 1558 1878 1607 vic-

171 1642 290 1686 tum
319 1641 372 1685 et
402 1636 705 1685 extinctum
733 1653 856 1685 cum
885 1636 1008 1695 suis,
1040 1636 1297 1685 maritum
1327 1637 1501 1685 denuo
1530 1636 1585 1684 in
1614 1652 1879 1685 carcerem

170 1719 440 1764 retrusum
481 1720 534 1763 et
576 1715 772 1763 iterum
814 1731 881 1763 ex
920 1731 1040 1779 rege
1083 1715 1362 1779 captivum
1410 1715 1701 1779 paucisque
1753 1720 1876 1779 post

170 1791 500 1856 interpositis
533 1792 721 1841 diebus
753 1793 1143 1850 suffocatum2;
1179 1809 1232 1842 se
1270 1793 1443 1857 ipsam
1482 1809 1625 1851 verO,
1663 1793 1732 1841 ad
1768 1793 1877 1842 vic-

171 1870 302 1919 toris
336 1870 649 1919 devolutam
681 1886 919 1929 manum,
956 1870 1205 1920 miseram
1239 1871 1308 1920 ad
1341 1870 1561 1920 victoris
1595 1870 1877 1920 arbitrium

172 1949 381 1997 trahere
418 1948 592 1997 vitam
607 1947 642 1998 3.

238 2026 390 2075 Talia
412 2026 575 2090 igitur
600 2031 652 2075 et
683 2026 890 2085 similia,
919 2043 1022 2091 que
1052 2026 1292 2076 tociensd
1320 2033 1373 2076 et
1405 2043 1498 2092 per
1526 2043 1709 2076 omnes
1737 2032 1875 2076 terre

171 2104 356 2168 plagas
383 2104 666 2169 contigisse
695 2110 902 2154 veteres
931 2105 1148 2154 annales
1177 2110 1230 2154 et
1258 2094 1499 2170 hystorie
1521 2105 1758 2154 referunt
1792 2121 1875 2154 ca-

170 2187 416 2247 nuntque
465 2183 718 2247 tragedie,
757 2183 991 2247 legentes
1025 2190 1319 2247 agnoscant
1357 2199 1544 2232 verum
1583 2199 1693 2232 esse
1731 2183 1876 2248 quod

171 2260 383 2325 sapiens
394 2271 410 2289 ‘³
432 2261 625 2310 cecinit
650 2277 658 2310 :

560 2389 714 2431 Nemo
737 2392 835 2431 tarn
855 2388 990 2431 divos
1012 2388 1183 2431 habuit
1202 2389 1413 2443 faventes

561 2459 845 2503 Crastinum
863 2463 916 2502 ut
932 2460 1087 2516 possit
1103 2459 1201 2503 sibi
1216 2460 1238 2493 f
1253 2460 1471 2516 polliceri
1495 2473 1509 2501 .·

559 2531 654 2573 Res
670 2531 805 2573 Deus
825 2534 1014 2573 ‘nostras
1035 2530 1173 2574 celeri
1194 2530 1363 2574 citatas

694 2601 910 2644 Turbine
934 2605 1089 2644 versat
1103 2601 1135 2643 4.

171 2726 504 2791 Discantque
540 2726 793 2775 mortales
825 2742 933 2775 non
969 2725 1024 2774 in
1060 2726 1274 2791 fastigio
1304 2726 1681 2791 temporalium
1708 2727 1876 2792 digni-

233 2905 273 2932 a.
296 2892 536 2932 blanditiis
556 2893 610 2932 P.
632 2915 691 2920 —-
722 2893 759 2932 b.
783 2906 837 2933 ac
856 2893 1056 2934 ludibrio
1077 2893 1130 2932 P.
1152 2916 1211 2921 —
1237 2905 1271 2931 c.
1295 2892 1492 2943 vestigia
1513 2893 1720 2933 firmasse
1739 2894 1794 2933 P.
1815 2917 1875 2922 —-

171 2975 230 2980 —
249 2953 290 2991 d.
313 2952 453 2992 toties
475 2953 529 2992 P.
552 2975 610 2980 ———
630 2963 666 2991 e.
691 2952 925 3004 sapienter
948 2953 1120 2992 Seneca
1146 2953 1200 2992 P.
1224 2975 1282 2980 —
1303 2953 1335 3001 f.
1374 2952 1431 2991 Ce
1454 2956 1542 2991 mot
1563 2953 1675 2992 dans
1705 2953 1874 2993 l’inter-

171 3011 306 3062 ligne,
332 3012 381 3051 de
404 3012 448 3051 la
471 3011 596 3051 main
615 3012 664 3050 de
684 3011 887 3060 l'czuteur,
909 3025 962 3053 en
991 3012 1041 3051 G.
