2071 3302
206 236 296 290 176
379 246 451 276 DE
488 245 715 276 PRAELIO
750 246 894 276 APUD
931 234 1309 277 BULGNEVILLE
1349 234 1394 289 (4
1431 246 1544 284 JUL.
1586 234 1725 290 1431)

204 362 403 408 rentur.
446 359 579 408 Cum
615 358 756 415 enim
793 374 820 407 e
865 358 1041 423 patria
1085 374 1188 423 que
1232 358 1306 407 eis
1350 359 1573 423 parebat
1617 360 1906 409 habundea

205 440 575 505 provideretur
609 441 673 489 de
708 456 922 489 annona
954 440 1247 505 ceterisque
1281 440 1586 490 necessariis
1619 442 1776 490 rebus
1810 458 1909 491 suo

205 522 477 580 exercitui,
505 523 687 571 hostes
709 538 851 579 vero,
879 521 1106 586 quibusb
1130 522 1310 570 omnia
1331 526 1513 571 erantC
1540 522 1769 581 inimica,
1795 539 1906 572 om-

205 604 392 653 niumd
423 620 599 652 rerum
631 608 807 652 essent
841 603 1048 668 passuri
1081 603 1135 651 in
1170 604 1354 668 paucis
1388 604 1574 653 diebus
1607 604 1903 668 penuriam,

206 686 276 735 ad
299 686 526 734 alterum
550 686 613 734 de
637 685 847 734 duobus
869 689 1197 749 urgerentur,
1222 686 1310 734 vel
1331 690 1392 734 ut
1416 685 1746 734 dedicionem
1768 686 1905 735 face-

206 772 323 816 rent
353 772 406 815 et
435 767 698 832 supplices
729 782 916 831 pacem
946 772 1210 831 rogarent,
1241 767 1328 816 vel
1355 772 1432 825 ut,
1464 767 1680 816 dimisso
1709 768 1824 816 loco
1849 776 1905 816 ee

206 849 393 898 castris
433 850 828 913 erumpentesf,
872 848 926 897 in
967 849 1280 913 patentibus
1321 849 1523 914 campis
1559 849 1769 914 copiam
1809 866 1905 914 pu-

205 931 419 996 gnandi,
448 931 651 980 seclusa
679 931 780 980 loci
809 930 1163 995 prerogativa,
1195 930 1441 980 hostibus
1469 931 1658 980 darent
1679 947 1689 990 ;
1718 931 1772 979 in
1799 947 1908 996 qua

206 1029 386 1078 pugna
424 1018 477 1061 et
518 1017 825 1061 certamenss'
864 1012 1220 1061 verisimiliter
1258 1012 1366 1062 suis
1410 1012 1726 1062 adversariis
1775 1012 1907 1061 infe-

205 1094 367 1144 riores
402 1099 593 1152 essent,
633 1094 725 1158 qui
761 1099 814 1143 et
850 1110 1071 1143 numero
1107 1099 1160 1143 et
1197 1094 1400 1143 viribus
1434 1096 1589 1159 longe
1624 1110 1713 1143 eos
1747 1094 1906 1143 nimis

206 1192 453 1241 superare
472 1176 760 1225 videbatur
772 1176 814 1225 ἢ.

275 1257 402 1307 Ξθᾶῑ
440 1257 749 1322 hujusmodi
786 1257 1063 1306 consilium
1100 1258 1519 1306 Alemannorum
1562 1257 1906 1322 precipitacio

207 1344 369 1404 atque
404 1339 771 1389 inconstancia
805 1339 1056 1404 amplecti
1088 1355 1197 1388 non
1231 1339 1426 1404 potuit.
1464 1339 1730 1388 Dixerunt
1763 1338 1905 1388 enim

206 1422 281 1470 illi
310 1426 566 1471 veterano
597 1422 754 1471 Valde
786 1426 1022 1486 expert0‚
1056 1421 1209 1486 quasi
1238 1425 1388 1470 metu
1420 1421 1610 1470 anxius
1640 1421 1751 1486 ipse
1783 1437 1905 1470 con-

206 1503 382 1553 silium
433 1503 803 1568 hujuscemodi
857 1503 1103 1561 dedisset,
1159 1503 1320 1568 quod,
1377 1503 1420 1552 si
1471 1508 1708 1568 paveret,
1762 1507 1906 1552 retro

207 1585 377 1634 abiret
403 1602 412 1635 :
434 1585 535 1650 ipsi
557 1585 698 1634 enim
719 1586 900 1634 hostes
922 1601 1045 1634 suos
1064 1584 1277 1650 aggredi
1295 1584 1512 1633 minime
1535 1584 1902 1634 formidarent.

207 1666 412 1732 Quibus
437 1682 751 1731 responsum
777 1666 902 1715 fecit
930 1682 983 1715 se
1009 1666 1125 1731 ipso
1152 1665 1235 1714 die
1263 1670 1600 1715 ostensurum
1626 1666 1771 1731 quod
1796 1682 1903 1715 non

205 1753 423 1814 propter
451 1753 658 1797 metum
686 1748 923 1797 hostium
952 1747 1008 1796 id
1036 1747 1241 1812 ipsumJ'
1272 1748 1585 1806 consuleret,
1622 1748 1715 1796 sed
1743 1763 1905 1796 causa

205 1830 426 1880 vitande
487 1829 822 1888 temeritatis,
878 1845 1001 1895 qua,
1056 1829 1111 1878 in
1171 1829 1627 1894 congressionibus
1685 1829 1901 1889 belliciS,

206 1912 367 1961 nichil
405 1911 747 1977 periculosius
786 1927 878 1961 seu
916 1911 1262 1976 perniciosius
1299 1927 1410 1961 esse
1449 1915 1643 1976 potest.
1686 1911 1740 1961 Si
1777 1926 1903 1960 vero

206 1993 409 2044 utiliter
471 1994 766 2043 consuleret
828 2009 1008 2051 necne,
1074 1993 1174 2058 ipsi
1235 2009 1302 2042 ex
1363 1994 1558 2042 effectu
1622 1985 1904 2058 rerumque

206 2075 440 2125 eventuk
462 2080 851 2140 cognoscerent.

273 2154 359 2203 Ad
405 2158 581 2203 castra
625 2153 787 2218 igitur
829 2153 1273 2218 Burgundionum
1318 2153 1675 2218 expugnanda
1721 2153 1902 2202 admo-

206 2235 417 2285 nentesl
447 2235 740 2285 exercitum
769 2235 1080 2300 Lothoringi
1108 2239 1161 2284 et
1189 2234 1487 2293 Alemanni,
1519 2251 1641 2283 cum
1669 2234 1776 2284 suis
1810 2235 1903 2284 ba-

206 2318 340 2367 listis
369 2318 545 2383 jacula
573 2322 627 2366 et
655 2317 875 2367 missilia
903 2317 956 2365 in
985 2318 1166 2366 hostes
1193 2317 1479 2381 jaciebant.
1512 2317 1749 2366 Econtra
1776 2332 1903 2365 vero

206 2416 233 2448 e
264 2400 450 2449 castris
476 2400 921 2465 Burgundionum
950 2399 1228 2464 sagittarii,
1261 2399 1354 2463 qui
1382 2398 1486 2447 illic
1516 2403 1666 2447 erant
1697 2397 1904 2463 pedites

207 2467 741 2546 circiter'octingenti
777 2486 871 2529 aut
907 2481 1065 2539 mille,
1105 2485 1220 2529 tam
1256 2496 1322 2528 ex
1359 2480 1602 2529 Picardia
1637 2495 1801 2544 quam
1836 2495 1903 2527 ex

206 2563 413 2628 Anglia,
449 2563 672 2611 viriliter
705 2568 758 2611 et
792 2562 1002 2611 fortiter
1036 2562 1260 2626 sagittas
1293 2562 1552 2620 emittere,
1581 2577 1753 2626 equos
1787 2560 1901 2626 qui-

206 2645 307 2694 bus
332 2644 614 2693 Alemanni
645 2649 698 2693 et
730 2643 1040 2708 Lothoringi
1072 2643 1460 2708 adequitabant
1492 2659 1614 2692 cum
1642 2642 1769 2707 ipsis
1799 2658 1902 2691 ses-

207 2726 412 2775 soribus
443 2726 677 2775 occidere
708 2727 793 2774 vel
822 2726 1115 2783 vulnerare,
1149 2725 1482 2789 retrogrados
1513 2740 1664 2789 agere
1699 2728 1802 2772 etm
1837 2739 1902 2772 ex

207 2808 322 2871 ipso
363 2808 644 2856 vulnerum
686 2807 864 2856 dolore
906 2807 1138 2856 calcibus
1179 2822 1288 2856 sese
1329 2811 1519 2854 mutuo
1560 2810 1754 2870 petere,
1799 2820 1901 2854 ses-

269 2979 307 3006 α.
335 2968 519 3006 abunde
543 2968 596 3006 P.
619 2990 678 2995 —
704 2968 741 3006 b.
767 2968 906 3016 Lepon
933 2968 982 3006 de
1004 2967 1069 3011 P;
1092 2967 1163 3005 cui
1195 2967 1245 3005 G.
1265 2989 1322 2992 ——
1342 2979 1375 3004 c.
1401 2967 1540 3016 Lepon
1565 2966 1614 3004 de
1638 2964 1706 3012 P:
1724 2968 1824 3003 erat
1849 2965 1899 3004 G.
