2071 3302
239 193 332 248 258
533 204 606 235 DE
642 204 897 236 LUDOVICI
934 204 1193 236 DELPHINI
1229 205 1663 239 INSURRECTIONE

237 333 421 367 eorum
448 318 695 368 felicitati
715 318 809 383 qui
836 318 1139 384 pocioribus
1158 335 1212 369 se
1238 320 1394 371 bonis
1415 325 1511 370 aut
1537 322 1828 373 honoribus
1856 338 1948 388 po-

236 399 483 458 tirentur,
529 415 637 449 non
660 415 903 465 ‘regnum
946 416 1164 465 remque
1208 401 1374 466 ipsius
1425 403 1697 467 publicam
1740 405 1947 454 salvam

236 481 364 540 fore,
402 481 495 531 sed
529 497 620 531 sue
655 481 945 531 dumtaxat
979 481 1190 531 libidini
1222 487 1277 532 et
1311 483 1702 548 cupiditatibus
1735 485 1947 535 satisfa-

236 578 351 612 cere
377 563 667 628 cupiebant
688 578 699 622 ;
727 562 1086 628 traxissetque
1111 564 1299 629 utique
1323 565 1475 614 brevi
1499 566 1569 615 ad
1603 583 1657 616 se
1689 567 1947 632 plurimos

236 648 553 709 patremque
584 644 731 693 omni
759 649 1031 708 potestate
1062 645 1343 710 privasset,
1375 647 1477 696 nisi
1507 647 1691 697 divina
1719 648 1944 698 clemen-

233 724 334 782 cia,
360 740 442 774 res
464 724 720 774 miserata
741 726 1022 784 humanas,
1050 741 1082 774 a
1105 725 1202 775 tali
1225 726 1394 776 exicio
1417 744 1593 792 regem
1616 745 1945 795 regnumque

235 806 413 870 ipsum
432 805 725 856 liberasset.
750 806 949 857 Videns
970 807 1113 856 enim
1132 823 1226 856 rex
1246 807 1300 856 in
1322 809 1491 859 tantis
1510 826 1565 860 se
1586 810 1945 861 constitutum

233 887 497 952 periculis,
522 904 632 938 sese
655 904 687 938 a
706 888 864 954 longo
886 889 1048 938 velud
1069 905 1257 954 sopore
1278 890 1535 940 suscitare
1557 907 1812 957 armaque
1833 909 1944 943 cor-

234 969 403 1034 ripere
445 970 750 1034 compulsus
791 975 889 1021 est.
932 971 1247 1022 Adsciscens
1287 972 1471 1037 itaque
1512 989 1579 1022 ex
1617 974 1810 1024 milicie
1851 990 1944 1025 sue

235 1051 461 1101 ducibus
483 1067 617 1116 quos
642 1052 777 1101 fidos
799 1052 978 1117 potuit
1001 1053 1255 1112 invenire,
1283 1054 1453 1103 filium
1475 1071 1631 1104 suum
1653 1056 1941 1120 prefatum,

234 1131 327 1196 qui
355 1132 425 1181 ad
453 1136 621 1181 terras
650 1132 799 1182 ducis
825 1133 1097 1192 Borbonii‚
1129 1133 1301 1183 tocius
1329 1134 1609 1185 sedicionis
1637 1135 1945 1201 principalis

234 1212 483 1272 auctoris,
525 1213 854 1279 confugerat,
896 1214 1169 1265 insecutus
1207 1219 1305 1265 est.
1348 1216 1432 1265 Ibi
1469 1216 1611 1265 enim
1649 1218 1944 1268 exercitum

232 1294 345 1360 ipse
374 1296 714 1346 Ludovicusa
746 1296 995 1361 colligens
1023 1313 1185 1362 quem
1213 1302 1428 1362 poterat
1463 1303 1518 1348 et
1553 1299 1944 1364 conjuracionis

233 1377 402 1427 socios
439 1382 746 1442 expectans,
785 1378 911 1428 belli
947 1379 1127 1428 sedem
1164 1384 1448 1430 statuerat.
1490 1380 1593 1430 Sed
1629 1382 1944 1446 preveniens

233 1475 327 1508 rex
359 1463 413 1508 et
443 1475 639 1509 cavens
659 1476 726 1509 ne
747 1460 956 1525 longius
977 1465 1297 1525 evagaretur
1317 1461 1599 1512 iniciatum
1616 1463 1940 1522 incendium,

234 1556 356 1590 eum
388 1541 613 1591 viriliter
644 1547 698 1592 et
732 1558 854 1591 cum
886 1558 1083 1607 magna
1114 1542 1464 1593 festinacione
1495 1549 1576 1594 est
1609 1551 1939 1610 prosecutus,

235 1622 399 1688 Cujus
446 1639 786 1688 congressum
832 1624 1067 1673 militum
1112 1630 1395 1689 expectare
1443 1642 1565 1675 cum
1610 1642 1783 1691 neque
1829 1627 1941 1692 ipse

233 1720 407 1769 neque
438 1705 706 1769 conjurati
737 1721 917 1755 secum
949 1706 1224 1765 auderent,
1259 1708 1324 1756 de
1356 1707 1516 1772 opido
1547 1708 1602 1756 in
1633 1708 1855 1773 opidum
1886 1714 1940 1758 et

234 1786 452 1836 castello
491 1786 545 1835 in
586 1787 865 1836 castellum
905 1788 1123 1852 fugatus
1163 1793 1276 1847 est;
1320 1805 1549 1853 quorum
1596 1789 1839 1854 plurimis
1885 1790 1940 1839 in

233 1867 368 1932 regis
390 1872 719 1932 potestatem
739 1868 986 1928 redactis,
1011 1870 1284 1935 pluribusb
1306 1871 1361 1919 in
1382 1871 1604 1935 predam
1626 1871 1783 1930 datis,
1809 1872 1940 1922 satis

233 1949 384 1999 brevi
404 1954 644 2015 tempore
664 1950 719 1999 in
740 1951 1115 2001 necessitatem
1124 1962 1143 1980 ‘¹
1165 1952 1468 2017 paciscendi
1488 1953 1816 2018 parendique
1843 1969 1939 2003 suo

232 2031 460 2096 genitori
487 2032 753 2082 adductus
780 2037 876 2082 est.
909 2033 1322 2083 Intervenerunt
1350 2034 1496 2094 enim>
1518 2051 1584 2084 ex
1610 2035 1939 2100 principibus

233 2117 287 2160 et
316 2112 621 2176 proceribus
656 2113 803 2177 regni
842 2113 950 2178 qui,
982 2120 1208 2179 paccata
1235 2114 1605 2179 indignacione
1633 2115 1784 2180 regis,
1815 2131 1938 2164 eum

236 2194 305 2242 ad
331 2193 718 2259 indulgendum
745 2195 1192 2261 donandumqued
1218 2213 1431 2245 omnem
1457 2197 1828 2262 hujuscemodi
1859 2197 1937 2246 in-

232 2275 429 2339 juriam
461 2280 576 2325 tam
611 2277 718 2326 filio
751 2293 915 2341 quam
948 2277 1071 2327 duci
1099 2278 1355 2327 Borbonii
1387 2283 1440 2327 et
1473 2279 1661 2328 ceteris
1692 2279 1936 2343 conjura-

234 2356 399 2406 cionis
434 2357 589 2408 sociis
626 2358 866 2408 animum
901 2360 1105 2424 regium
1149 2360 1488 2410 inflexerunt.
1529 2361 1790 2425 Fuitque⁶
1824 2360 1936 2425 ipse

234 2439 538 2489 Ludovicus
567 2440 636 2489 ad
663 2445 946 2505 paternam
974 2442 1195 2491 domum
1223 2442 1694 2507 obedienciamque
1722 2458 1818 2508 pro
1846 2442 1937 2491 illa

233 2520 348 2569 vice
369 2521 653 2571 restitutus
675 2526 838 2586 atque
860 2523 1158 2572 redactus.
1123 2523 1143 2552 1

301 2601 395 2666 Cu]
404 2603 498 2651 usf
517 2602 648 2651 talia
668 2619 844 2653 rerum
867 2620 898 2653 a
920 2620 974 2654 se
995 2604 1050 2653 in
1073 2610 1348 2669 posterum
1368 2572 1719 2670 gerendarum
1739 2605 1935 2655 iniciag

233 2683 451 2733 fuerunt
488 2684 724 2749 taliaque
750 2685 815 2734 de
839 2702 892 2735 se
927 2686 1182 2751 prebuit
1170 2703 1281 2751 lpse
1310 2687 1652 2736 Ludoxr1cus‘2
1677 2687 1931 2752 auspicia,

233 2763 364 2813 satis
392 2764 609 2829 quidem
638 2765 711 2815 eis
739 2782 973 2816 consona
1003 2783 1106 2832 que
1133 2784 1226 2833 per
1252 2784 1374 2817 eum
1399 2769 1746 2832 postmodum
1772 2769 1933 2819 fuisse

232 2850 399 2909 gesta,
424 2846 468 2895 si
489 2847 634 2896 Deus
657 2847 954 2908 donaverit,
980 2848 1088 2898 suis
1109 2849 1236 2899 locis
1258 2850 1560 2901 referemus·

294 3009 334 3036 α.
356 2996 498 3046 Lepon
518 2998 567 3037 de
588 2999 641 3038 P.
664 2998 746 3038 Ces
765 3000 879 3039 deux
897 3004 1005 3040 mots
1025 3006 1265 3054 manquent
1282 3015 1335 3042 en
1362 3003 1413 3044 G.
1432 3025 1493 3032 —
1514 3004 1553 3045 b.
1572 3004 1781 3056 plurimis
1800 3005 1857 3046 P.
1873 3025 1936 3035 —
